2196 2950
729 151 761 183 Ο
811 151 843 182 R
894 149 925 182 A
978 149 1010 181 T
1062 149 1078 182 I
1132 149 1177 182 O.
1758 151 1801 185 15

101 267 204 308 Quae
251 271 288 298 ut
326 267 359 297 iu
401 265 491 297 serie
536 264 810 308 Epistularum,
852 276 941 306 quas
980 264 1197 295 Samaritani
1226 276 1247 295 a
1286 265 1456 309 scaligeri
1492 266 1572 297 iude
1606 271 1723 298 aetate
1758 274 1788 298 et

98 331 267 376 deinceps
307 331 342 363 in
386 330 574 372 Europam
619 329 813 370 miserant,
850 328 1015 360 lacunam
1051 330 1130 373 ipsa
1159 330 1327 373 supplet,
1363 337 1397 364 et
1426 332 1793 366 animadversionibus·

100 398 182 430 huic
228 396 353 429 additis
400 400 542 427 nostras
583 394 626 426 de
673 394 788 437 gentis
838 394 935 426 illius
982 395 1145 439 reliqniis
1185 396 1330 428 notitias
1370 404 1477 441 auget
1514 405 1549 431 et
1579 399 1792 441 confirmat3

97 464 146 495 ita
185 472 330 505 quoque
374 461 451 493 eius
496 461 602 493 editio
643 472 743 504 spem
780 460 881 492 nobis
916 460 1072 503 fecerat,
1116 461 1193 494 sore
1228 467 1269 494 ut
1301 473 1521 496 11AMAKEnt's
1554 464 1794 498 ‚slliscellmwa

98 527 334 560 &munituna
371 527 496 559 deinde
542 526 681 571 publici
712 527 802 558 iuris
836 526 982 560 faceret.
1045 528 1149 570 Quae
1185 539 1382 572 numquam
1415 530 1509 561 edita
1542 541 1618 562 esse
1656 544 1696 562 eo
1724 532 1788 563 do-

97 595 210 628 lemus
248 594 519 635 vehementius,
554 605 625 636 quo
658 594 824 637 graviora
856 594 952 635 sint,
981 604 1072 636 quac
1107 594 1142 626 in
1169 594 1210 626 iis
1235 595 1490 638 pertractanda
1516 595 1695 638 fuissent,
1727 608 1789 628 ar—

95 666 274 705 gumenta.
338 660 477 692 Codicis
514 659 683 703 Scaligeri
721 660 911 692 editionem
944 664 1056 703 pute,
1093 660 1295 692 Chronicon
1327 672 1347 692 a
1382 660 1615 693 samaritanis
1654 661 1790 694 librum

93 726 227 759 Iosuae
254 731 505 770 nuncupatum
522 750 532 767 ,
572 737 592 757 a
624 725 715 757 libro
737 731 856 758 autem
881 725 992 757 lucius
1016 725 1169 758 nominis
1187 751 1196 768 ,
1226 726 1288 769 qui
1310 727 1345 757 in
1366 725 1413 758 V.
1440 726 1486 758 T.
1512 732 1654 769 exstat,
1683 739 1787 770 quam

94 793 247 824 maxime
284 792 489 833 diversum,
527 791 737 824 exhibentis.
790 792 904 824 Cuius
940 791 1071 834 editio,
1110 793 1138 824 si
1170 792 1213 824 ab
1246 804 1286 824 eo
1312 793 1432 824 curari
1458 793 1661 836 potuisset,
1690 806 1789 825 com-

94 858 196 890 muni
234 869 315 889 cum
355 856 649 900 Theologorum,
700 862 777 889 tum
829 857 1037 890 Literarum
1089 857 1331 890 Orientalium
1385 858 1634 902 interpretum
1670 860 1786 900 votis,

92 925 162 956 iam
205 923 340 954 dutlum
382 922 659 966 pronunciatis,
710 924 759 954 ita
804 923 1255 967 praeelarersatisl'aetum
1303 923 1457 965 suisset,
1509 929 1549 955 ut
1596 936 1669 956 non
1718 927 1786 958 nisi

94 988 278 1032 trepidus,
314 999 358 1019 ne
395 998 521 1031 preces
555 987 636 1020 illae
660 988 796 1021 diutius
828 989 953 1021 irritae
988 989 1085 1031 sint,
1123 988 1290 1033 Magistri
1321 995 1444 1033 partes
1480 991 1557 1034 ipse
1591 997 1790 1035 succeptu-

91 1065 154 1086 rus
193 1054 270 1085 sim.

139 1119 219 1152 Alia
264 1119 329 1151 hoe
371 1119 448 1151 loco
494 1110 680 1152 indicanda
726 1126 892 1164 superest
938 1120 1134 1162 dialectus,
1177 1122 1234 1153 cui
1274 1120 1386 1166 opera
1422 1120 1586 1155 navanda
1618 1121 1687 1155 Vir
1722 1123 1782 1155 ille

91 1197 251 1218 summus
289 1191 325 1217 et
351 1190 496 1217 nostrae
534 1186 743 1230 disciplinae
778 1186 986 1228 consuluit,
1025 1191 1060 1218 et
1098 1186 1243 1219 Patriae
1277 1187 1426 1230 gloriam
1461 1188 1666 1221 vindicavit.
1720 1189 1785 1220 Est

90 1251 238 1294 lingua,
289 1262 361 1294 qua
413 1251 497 1283 olim
542 1251 742 1284 utebantur
774 1257 920 1295 gentes,
959 1252 995 1283 in
1033 1252 1184 1285 historia
1226 1253 1376 1295 antiqua
1405 1252 1681 1295 celeberrimae,
1719 1265 1785 1298 per

88 1315 235 1359 Asiam,
277 1314 437 1348 Africam
472 1321 508 1348 et
541 1316 731 1361 Europam
760 1317 845 1349 olim
876 1323 1101 1362 propagata,
1139 1324 1283 1351 mortua
1316 1319 1403 1350 lieet
1434 1319 1670 1361 iamdudum,
1705 1331 1784 1352 ser-

88 1388 172 1415 vata
214 1388 333 1415 tamen
369 1383 406 1414 in
442 1384 682 1415 monumentis
724 1388 758 1415 et
792 1383 948 1415 nummis
983 1383 1142 1426 antiquis
1174 1388 1284 1427 atque
1316 1383 1515 1415 innumeris
1548 1383 1695 1416 urbium
1726 1384 1782 1416 lo—

87 1459 284 1491 corumque
325 1448 553 1491 nominibus,
604 1455 774 1492 arcteque
819 1461 901 1481 cum
956 1449 1105 1491 reliquis
1145 1449 1303 1480 dialectis
1341 1448 1539 1491 Semiticis,
1582 1451 1781 1482 arctissime

88 1526 172 1546 vero
207 1526 288 1546 cum
317 1514 485 1547 Hebraea
519 1526 701 1556 connexa,
737 1535 784 1539 ——
818 1515 940 1558 lingua
976 1513 1220 1555 Phoenicum,
1259 1514 1608 1557 Carthaginiensium
1631 1526 1779 1547 corum—

88 1592 158 1623 que
191 1580 434 1612 Coloniarum.
503 1580 681 1612 Omnibus
719 1580 826 1612 liuius
866 1580 1129 1623 cognoscendae
1178 1579 1343 1611 subsidiis
1391 1579 1663 1623 deficientibus,
1706 1593 1779 1613 non

87 1647 261 1678 miramur
299 1646 427 1677 harum
471 1645 678 1678 Literarum
713 1645 873 1677 studium
910 1656 977 1689 per
1011 1645 1123 1676 multa
1157 1644 1277 1676 secula
1309 1645 1453 1688 penitus
1488 1644 1599 1677 fuisse
1631 1645 1777 1690 neglec-

86 1717 182 1753 tum,
236 1711 429 1754 aliquando
485 1722 568 1744 vero
612 1716 813 1752 tentatum,
862 1716 1014 1755 propter
1058 1716 1374 1743 monumentorum
1413 1712 1603 1756 penuriam
1644 1724 1775 1757 parvos

85 1789 150 1820 per
181 1777 327 1820 longum
362 1782 506 1821 tempus
542 1776 666 1809 secisse
700 1788 926 1821 progressus.
980 1776 1150 1818 Etenim,
1186 1776 1269 1808 licet
1304 1777 1366 1808 illa
1387 1777 1511 1820 lingua
1536 1789 1602 1821 per
1628 1784 1772 1810 centum

84 1853 196 1873 annos
239 1847 275 1874 et
327 1842 421 1885 quod
466 1843 649 1884 excurrit,
694 1843 913 1887 interpretes
960 1847 1066 1874 nacta
1114 1842 1184 1884 sit,
1231 1854 1433 1886 perpaucos
1483 1843 1605 1885 initio,
1646 1843 1771 1876 deinde

84 1907 231 1951 plures,
277 1913 359 1950 post
406 1917 702 1940 B.xRT11ELEn1YUii1
746 1908 875 1949 etiam,
920 1918 1171 1949 SWINTONUM,
1223 1918 1425 1950 BAYERUM,
1475 1913 1528 1940 tot
1574 1920 1614 1940 ac
1670 1914 1771 1942 tanta

82 1973 281 2017 aenigmata
328 1973 534 2015 restabant,
588 1979 629 2005 ut
674 1973 728 2005 his
771 1973 949 2007 solvendis
990 1984 1063 2004 non
1098 1984 1211 2005 unum
1243 1972 1424 2006 sufficeret
1456 1973 1543 2006 felix
1573 1980 1609 2007 et
1644 1987 1771 2020 prom—

81 2044 185 2084 ptum
221 2039 416 2082 ingenium.
468 2038 568 2071 Talis
604 2050 717 2082 quum
749 2044 842 2071 esset
882 2049 1125 2081 HAMAKERUS,
1166 2039 1250 2071 huic
1282 2039 1400 2071 studio
1432 2041 1677 2083 promovendo
1713 2042 1769 2074 hic

81 2105 287 2149 aptissimus
331 2110 420 2138 erat.
488 2106 591 2148 Quae
637 2105 724 2137 alios
774 2104 1057 2147 deterruissent,
1103 2104 1331 2137 difficultates
1377 2107 1578 2150 sagacitatis
1613 2118 1683 2151 ope
1712 2106 1769 2140 fa-

82 2170 147 2204 cile
184 2171 390 2216 superabat.
442 2170 571 2215 Neque
603 2171 669 2203 hoc
701 2171 738 2203 in
773 2170 981 2215 disciplinae
1015 2169 1085 2203 suit
1118 2170 1397 2214 detrimentum3
1441 2183 1548 2216 quam
1567 2197 1576 2214 ,
1602 2173 1767 2206 omnibus

81 2235 180 2269 libris
220 2237 378 2281 antiquis
417 2237 489 2270 huc
531 2248 647 2280 usque
696 2241 901 2279 carentem,
939 2235 1155 2280 priusquam
1188 2235 1292 2270 firma
1323 2237 1430 2270 huius
1459 2243 1646 2282 ponantur
1677 2238 1766 2271 sun-

80 2301 270 2345 (lamenta,
316 2314 459 2347 magna·
484 2303 704 2336 incrementa
749 2301 963 2336 inventionis
993 2312 1057 2345 ope
1091 2302 1254 2346 accipere
1292 2308 1471 2348 oporteat.
1526 2303 1665 2336 Verum
1700 2304 1765 2336 ad-

79 2365 253 2399 mirabilis
299 2368 385 2401 haec
429 2369 467 2401 in
494 2367 723 2401 coniectando
763 2367 921 2400 sollertia
945 2377 1176 2400 HAMAKERUM
1210 2380 1284 2401 non
1319 2369 1539 2411 seduxisset,
1577 2374 1642 2411 ut,
1680 2381 1763 2402 cer-

80 2431 232 2465 tioribus
284 2420 415 2466 relictis
432 2458 442 2476 ‚
487 2433 595 2467 hoece
638 2433 797 2467 studium
843 2433 1008 2466 celeriter
1051 2433 1242 2479 arriperet.
1303 2434 1412 2467 Aliud
1451 2434 1622 2478 accessit,
1666 2435 1762 2479 quod
