2196 2950
696 180 1143 214 ORATIO.
1722 174 1766 207 23

78 301 217 342 gitans,
254 294 605 340 Interprelalionem
634 294 683 326 J<
718 294 759 325 Τ.
797 294 986 325 emendare
1011 298 1161 325 conatus
1186 296 1263 332 est,
1292 295 1401 334 atque
1426 290 1477 322 ita
1503 289 1646 333 saepius
1674 300 1764 332 pro-

77 368 168 398 secto
210 364 323 397 multa
366 359 579 394 emendavit.
644 358 736 391 Viro
781 359 900 400 enim,
936 359 1013 391 veri
1044 369 1151 389 sensu
1178 357 1370 399 flagranti,
1411 366 1643 399 summaeque
1674 366 1762 386 eru—

76 431 244 471 ditionis,
281 428 434 460 aliorum
467 435 636 465 errores,
674 435 803 467 magna
837 424 921 456 licet
959 423 1176 456 auctoritate
1207 422 1359 463 muniti,
1402 422 1521 453 statim
1546 421 1761 465 plerumque

79 497 114 528 in
152 494 273 527 oculos
300 491 559 531 incurrebant3
596 490 684 533 quin
714 490 773 531 id,
804 501 875 534 quo
909 501 1074 533 quaeque
1110 488 1363 532 interpretatio
1388 487 1592 528 laboraret,
1622 492 1763 518 extern-

78 562 137 606 plo
178 571 284 604 saepe
316 559 384 591 iam
419 562 650 602 perspectum
682 561 771 589 erat.
826 556 1017 598 Rationes,
1058 566 1147 599 quas
1182 555 1362 598 interpres
1401 554 1478 597 ipsc
1513 551 1759 596 sequebatur,

79 628 154 659 sine
200 624 308 657 dubio
356 628 461 656 erant
508 622 728 667 probandae.
789 621 844 654 Ne
891 622 1005 654 dicam
1046 621 1088 653 de
1127 620 1427 664 interpretatione
1478 618 1760 660 Grammatlca,

78 703 185 735 quam
222 690 331 722 solam
368 688 605 730 admittebat,
651 689 782 732 cuique
829 698 971 732 semper
1019 686 1203 728 Creticae,
1246 685 1463 726 [Iistorc‘ae‚
1504 683 1762 727 Geograplziaz*

78 762 112 789 et
137 754 390 800 sltzllquitatis
422 754 534 786 facem
578 754 816 796 admovebat,
856 765 928 786 non
960 753 1047 785 adeo
1081 752 1287 784 sectabatur
1323 751 1416 782 locos·
1451 749 1626 792 selectos,
1667 761 1763 793 quo—

78 833 184 864 rum,
235 826 407 854 contextu
451 826 487 852 et
534 820 617 852 libri
656 820 803 852 consilio
838 832 878 852 ac
912 818 1090 852 scribendi
1121 819 1260 850 ratione
1290 816 1385 848 haud
1421 816 1505 847 snitis
1540 816 1761 859 perspectis,

79 889 145 920 hoe
188 887 358 919 continuo
403 886 600 919 verendum
638 890 718 927 est,
762 897 807 917 ne
844 897 1013 929 germana
1056 884 1250 928 explicatio
1288 883 1516 915 obscuretur.
1583 880 1763 912 Locorum

80 965 165 985 vero
218 951 414 984 difficilium
463 951 759 995 explicandorum
803 951 1115 994 opportunitatem
1164 960 1235 981 non
1291 950 1434 981 missam
1476 947 1585 989 feeit,
1628 947 1689 979 sed
1724 959 1765 978 ea

78 1018 210 1062 passim
258 1028 346 1049 usus
386 1022 441 1050 est
471 1017 667 1061 aptissime.
720 1016 761 1048 In
795 1016 926 1060 quibus
959 1015 1180 1060 exponendis
1218 1027 1298 1047 eum
1341 1014 1549 1058 interpretis
1581 1014 1765 1057 ingenium

80 1085 147 1116 iam
197 1083 242 1115 sit
286 1083 549 1126 conspicuum,
596 1082 661 1115 hoc
708 1083 822 1115 multo
873 1088 992 1115 tamen
1040 1082 1151 1125 magis
1184 1081 1326 1122 elucet,
1366 1080 1428 1112 ubi
1464 1092 1569 1112 suum
1605 1080 1648 1112 de
1679 1081 1766 1112 tmi-

82 1149 193 1181 νει-εἰς
234 1147 337 1180 libris
385 1148 556 1180 iudicium
613 1149 844 1192 pronunciat.
909 1148 950 1180 In
996 1153 1149 1180 mentem
1182 1146 1294 1179 Vobis
1328 1158 1456 1179 revoco
1487 1145 1766 1179 nou-'ssimoram

83 1215 120 1247 ιἸι
162 1213 357 1246 Canticum
397 1214 742 1246 commentariormn
786 1213 1010 1256 Censuraln,
1053 1219 1163 1257 atque
1206 1224 1335 1246 novam
1383 1213 1496 1256 ipsius
1536 1212 1645 1243 huius
1684 1212 1767 1244 libri

81 1280 291 1313 enucleandi
341 1279 529 1311 rationem.
590 1279 731 1311 Verum
775 1290 820 1311 110
861 1279 988 1311 exinde
1025 1279 1168 1322 quidem
1202 1288 1431 1310 nnmuent'm
1465 1278 1766 1321 interpretantem

83 1345 243 1390 perfecte
284 1345 464 1378 novimus.
528 1343 654 1376 Talem
694 1345 837 1376 demum
873 1345 1102 1378 manifestum
1137 1357 1211 1378 sese
1241 1345 1476 1386 reddidisset,
1514 1345 1543 1377 si
1575 1344 1769 1376 Commen—

82 1411 217 1454 tarios,
253 1411 384 1455 quibus
419 1411 580 1443 intentus
613 1416 717 1453 erat,
752 1411 935 1443 absolutos
966 1412 1003 1443 111
1041 1411 1158 1443 lucem
1191 1411 1369 1443 edidisset.
1422 1410 1572 1443 Omissis
1596 1410 1770 1442 animad—

83 1476 326 1518 versionibus,
364 1488 476 1519 quas,
519 1487 661 1508 GESENH
698 1476 1002 1508 (fionnnentarium
1038 1476 1075 1507 111
1108 1476 1256 1508 Iesaiam
1289 1476 1430 1518 legens,
1471 1476 1507 1507 in
1544 1476 1662 1520 capita
1688 1477 1769 1520 pri—

83 1554 146 1574 ora
192 1542 483 1585 conscripserat,
522 1546 595 1573 tres
634 1542 859 1585 potissimum
895 1540 1078 1584 intelligo:
1120 1539 1432 1572 Commentarimn
1470 1541 1506 1572 ilz
1542 1540 1767 1583 Ieremc'am,

80 1607 345 1648 lIabaeuczcm,
380 1605 571 1639 Obadismz.
624 1606 767 1638 Etenim
794 1619 878 1639 casu
905 1606 1058 1649 quodam
1089 1617 1171 1638 cum
1205 1606 1241 1637 in
1273 1604 1369 1636 hunc
1393 1605 1612 1649 Prophetam
1646 1605 1772 1649 legen-

82 1673 167 1704 dum
216 1671 425 1713 incidisset,
477 1682 632 1714 eumque
678 1683 804 1704 versus
838 1671 999 1715 vigesimi
1030 1671 1295 1715 interpretandi
1328 1670 1520 1704 difficultas
1559 1672 1679 1716 ipsum
1712 1673 1770 1706 os-

83 1737 276 1779 sendisset,
324 1737 389 1769 hac
436 1736 598 1778 sublata,
644 1749 742 1768 suarn
790 1737 867 1781 ipse
916 1737 1130 1769 sententiam
1175 1737 1218 1770 de
1267 1736 1407 1769 Libello
1456 1738 1624 1771 universo
1668 1738 1769 1773 brevi

82 1803 371 1844 Commentario,
403 1801 583 1845 Operibus
615 1802 766 1834 sortasse
801 1802 975 1834 Instincti
1005 1802 1115 1845 Regii
1144 1802 1354 1844 inserendo,
1382 1802 1547 1846 proferre
1580 1803 1762 1846 decrevit3

86 1868 150 1899 1100
191 1868 527 1908 demonstraturus,
584 1867 673 1898 illud
722 1867 933 1909 oraculum,
982 1879 1055 1900 non
1093 1874 1165 1900 tam
1199 1880 1324 1900 recens
1361 1880 1458 1909 esse,
1510 1879 1615 1911 quam
1661 1869 1769 1914 vulgo

85 1932 336 1974 existimatur,
372 1943 437 1963 nec
478 1937 597 1963 tamen
639 1930 780 1963 Achazo
818 1932 1016 1975 antiquius.
1078 1933 1249 1965 Ieremiae
1281 1938 1317 1965 et
1356 1933 1538 1965 Habacuei
1575 1934 1766 1977 vaticinia,

84 1997 171 2030 llaec
213 1997 310 2029 haud
355 1997 404 2029 ita
443 1996 556 2029 multo
605 2002 687 2041 post
729 2008 837 2040 quam
866 1996 1087 2041 Lugdunum
1121 2003 1294 2040 venerat,
1330 1997 1396 2030 illa
1432 1999 1557 2031 deinde
1598 2011 1664 2043 per
1698 2001 1769 2033 ali-

88 2068 177 2106 quot
209 2074 344 2104 annos,
372 2062 408 2094 in
446 2062 583 2094 Scholis
618 2061 835 2094 Academicis
872 2063 1108 2106 explicuerat.
1162 2064 1446 2097 Commentarios
1466 2065 1502 2097 in
1528 2065 1699 2099 Ieremiae
1723 2067 1772 2101 30

85 2129 208 2172 priora
246 2128 365 2172 capita
409 2127 591 2160 absolutos
637 2127 797 2170 reliquit.
866 2128 967 2171 Quos
1011 2141 1096 2164 vero
1133 2130 1219 2162 olim
1259 2131 1296 2162 in
1340 2130 1575 2164 Habacucum
1609 2134 1771 2165 conscri-

87 2198 230 2237 pserat,
265 2198 417 2238 postea,
461 2198 657 2237 antequam
695 2193 917 2236 ederentur,
958 2195 1196 2229 emendandos
1233 2201 1270 2229 et
1308 2197 1489 2241 augendos
1530 2209 1606 2230 esse
1644 2210 1771 2231 cense—

88 2258 170 2291 bat:
202 2270 358 2303 eumque
395 2259 576 2301 laborem,
612 2271 705 2292 anuo
740 2258 832 2294 1830
865 2260 993 2293 itinere
1026 2261 1063 2294 in
1097 2261 1327 2296 Germaniam
1346 2288 1356 2306 ,
1383 2263 1588 2296 Helvetiam
1609 2270 1643 2296 et
1668 2264 1772 2296 Itali-

92 2335 148 2356 am
193 2330 364 2368 peracto,
417 2337 456 2358 ac
501 2325 666 2358 meliores
706 2325 756 2359 ita
795 2325 838 2358 de
883 2325 1012 2359 Codice
1045 2327 1384 2374 Syro—Hexaplari
1417 2330 1560 2362 notitias
1595 2330 1769 2374 adeptus,

90 2390 246 2434 suscepit
280 2391 450 2434 quidem,
488 2392 548 2424 sed
581 2390 754 2436 perficere
785 2403 859 2425 non
888 2394 1022 2437 potuit.

137 2454 208 2488 Iter
248 2454 337 2488 illud
383 2469 689 2501 commemorans,
738 2461 846 2502 atque
889 2470 1143 2505 IIAMAKERUM,
1178 2460 1374 2495 Mediolani
1413 2467 1638 2505 versantem,
1673 2463 1772 2506 cogi-
