2196 2950
570 134 1269 170 ANNOTATIO.
1726 134 1770 167 51

87 246 192 277 deinde
223 258 411 279 Ammonis.
454 246 521 278 vid.
553 258 659 278 orsas.
689 249 798 278 Gesclz.
830 253 888 279 cet.
918 258 948 286 p.
986 259 1054 289 ¹17·
1105 248 1151 278 De
1183 258 1341 279 ammon
1374 245 1485 277 meritis
1516 245 1575 285 egit
1595 257 1627 276 Λ.
1649 256 1768 283 neu,

87 306 137 335 Vir
157 305 222 345 CL,
242 306 273 337 in
295 306 380 337 Orat.
403 306 513 336 inserta
533 308 622 336 Ann.
641 309 748 336 Acad.
770 309 869 338 Gron.
894 310 1109 343 1824-1825.

126 365 161 396 P.
183 377 214 406 9·
235 365 285 396 lin.
307 369 336 396 8.
388 367 536 405 Plerique
563 381 603 390 —-
625 368 916 407 Lexicograplcices.
959 368 1196 407 Antiquitatem
1218 375 1249 398 v.
1269 375 1295 395 c-
1317 365 1489 395 tractabant
1513 375 1694 401 munstus,
1718 376 1769 394 vr·

90 436 234 463 ramea,
266 424 370 454 deinde
392 435 580 464 nzznnnos,
605 436 760 465 mamus,
786 430 886 464 postea
908 437 1049 464 navum,
1072 435 1290 462 sermonum,
1317 423 1379 454 alii.
1420 426 1633 463 Plzilologiam
1655 434 1769 454 amm-

88 495 183 522 ειυς,
215 495 379 522 monuwa,
411 485 460 523 qui
488 484 517 514 in
538 484 694 515 Athenaeo
713 485 876 516 Amstelod.
897 486 968 517 Litt.
983 485 1021 516 Ο.
1040 486 1077 515 O.
1100 485 1211 525 primus
1235 484 1355 523 docuit,
1375 483 1483 521 aliique
1504 483 1679 521 complures.
1724 484 1768 513 De

89 553 214 573 coccnu
245 546 361 574 Lexico
394 543 452 575 vid.
473 553 587 584 quoque
611 556 644 576 ιι.
662 556 695 577 Α.
711 556 843 577 εοιιῦιτ.
862 546 892 577 in
917 549 1003 577 Bihl.
1026 548 1122 585 crit„
1148 555 1164 576 a
1183 556 1258 575 DAN.
1274 555 1443 576 WYTTENB.
1465 543 1543 573 edita
1563 541 1598 581 l,
1627 548 1711 581 parte
1731 547 1768 581 3,

83 612 113 640 p.
139 606 310 644 125—129.

126 662 161 693 P.
182 675 212 704 9.
233 663 285 694 lin.
310 674 359 696 ιι.
402 667 516 695 Prodit
549 678 682 706 magnus
703 677 779 698 ALB.
801 677 1044 698 scnumnnsms.
1100 665 1145 695 De
1164 664 1276 695 meritis
1297 677 1328 694 A.
1349 674 1564 694 scunz‘rmsu
1584 663 1640 701 teg.
1658 663 1688 693 in
1712 663 1769 700 pri-

84 723 138 753 mis
165 721 211 753 Cl.
240 732 365 754 nomana
396 725 537 755 Gramm.
568 727 667 755 llebr.
688 725 720 764 1,
751 726 781 756 in
816 725 910 765 praef.
943 736 972 764 p.
1004 724 1059 758 vn
1079 734 1140 764 seq.
1183 724 1297 755 stm.
1320 723 1380 754 l.1.
1400 733 1430 762 p.
1459 725 1629 754 126—130.
1672 721 1768 752 Etiam

84 794 108 811 ι.
132 793 162 811 0.
185 794 311 813 anunm
341 785 483 823 (brieven
516 796 587 816 over
615 787 652 815 de
687 787 822 825 beoesen.
845 788 900 816 der
928 787 1057 826 Godgel.
1077 785 1111 824 1,
1144 795 1174 824 p.
1209 795 1244 814 10
1274 783 1374 824 seq.),
1405 782 1530 820 docens,
1563 791 1631 812 eum
1653 791 1720 811 cum
1740 781 1768 810 iu

81 845 187 881 praef.
206 844 464 875 Gramm.Arab.
481 855 633 884 annun,
655 849 717 875 tum
734 845 952 885 alibi,linguae
973 845 1087 884 Hebr.,
1103 850 1253 883 tamquam
1273 853 1307 873 ex
1329 842 1417 873 coelis
1441 842 1471 872 in
1489 846 1599 872 terram
1623 845 1745 872 vocatae
1761 865 1767 878 ,

80 911 165 932 suum
192 902 289 932 locum
321 902 503 942 assignasse,
536 907 624 942 atque
657 904 787 943 linguam
816 904 977 935 Arabicam
1007 915 1065 935 non
1098 903 1285 941 adhibuisse,
1308 907 1341 933 ut
1361 901 1554 940 quorumdam
1575 900 1660 930 modo
1682 910 1770 930 voca-

80 961 215 992 bulorum
250 962 438 993 collationem
466 962 654 1001 institueret,
690 971 742 994 aut
771 963 946 1003 splendida,
979 963 1030 995 sed
1062 963 1162 1002 inani,
1196 962 1345 1002 farragine
1380 962 1498 1000 linguae
1518 960 1613 991 Hebr.
1632 960 1768 990 Studium

81 1026 239 1060 oneraret,
273 1022 348 1060 quod
371 1021 508 1053 fecerunt
529 1023 592 1054 eius
613 1022 831 1062 Discipulorum
850 1024 1002 1063 nonnulli,
1027 1032 1129 1055 verum
1150 1027 1203 1061 ut,
1228 1021 1388 1061 perspectis
1404 1023 1491 1051 illius
1514 1020 1629 1060 ingenio
1651 1025 1681 1050 et
1703 1020 1771 1049 uni-

81 1090 166 1112 versa
189 1081 323 1120 ratione,
347 1084 430 1112 hanc
448 1082 631 1121 illustraret,
655 1087 684 1113 et
707 1083 804 1122 quoad
826 1087 941 1122 posset,
968 1083 998 1114 in
1021 1086 1114 1114 vitam
1137 1086 1300 1114 revocaret.

125 1140 159 1171 P.
182 1155 211 1182 9.
234 1142 286 1172 lin.
312 1152 362 1172 21.
407 1141 628 1174 Scunmmsu
661 1145 784 1173 Filium
816 1161 854 1167 -
883 1146 1044 1174 inclaruit.
1095 1142 1159 1173 Ion.
1182 1154 1248 1173 uc.
1269 1152 1517 1173 senonensium
1539 1140 1577 1171 O.
1599 1140 1636 1171 O.
1658 1140 1772 1180 lingua-

81 1212 147 1232 rum
179 1202 284 1240 periti-‘i
318 1202 401 1232 Patri
433 1213 492 1233 non
526 1203 646 1234 cessisse
680 1208 709 1234 et
741 1213 842 1234 omnes
864 1214 923 1234 uno
946 1213 995 1233 ore
1019 1203 1188 1241 affirmant,
1212 1207 1240 1232 et
1264 1201 1458 1240 praesertim,
1483 1200 1631 1231 Arabicae
1653 1201 1770 1239 linguae

81 1263 196 1293 ratione
238 1262 362 1301 habita,
397 1268 519 1301 apparet
552 1273 586 1294 ex
620 1263 720 1294 Loxici
754 1263 871 1294 Goliani
894 1263 1048 1301 exemplo,
1071 1262 1147 1301 quod
1169 1272 1258 1292 manu
1282 1266 1377 1292 terere
1399 1261 1532 1299 solebat,
1556 1260 1640 1291 cuius
1662 1261 1771 1299 margi-

81 1334 149 1354 nem
191 1323 345 1362 multiplici
387 1323 600 1363 annotatione,
644 1334 679 1354 ex
720 1323 804 1355 libris
846 1323 951 1362 editis,
991 1323 1021 1353 iu
1059 1322 1158 1361 primis
1200 1331 1271 1352 vero
1303 1331 1338 1352 ex
1372 1321 1463 1352 codd.
1495 1321 1579 1352 MSS.
1612 1320 1764 1359 derivata,

81 1383 188 1421 ubique
223 1383 351 1414 ornavit.
404 1383 444 1414 Ut
475 1384 579 1414 exinde
612 1384 767 1423 videmus,
803 1388 873 1423 quot
907 1393 1053 1422 quamque
1085 1382 1245 1421 prudenter
1267 1392 1369 1413 omnes
1391 1382 1444 1413 hos
1465 1381 1554 1412 libros
1578 1381 1702 1421 legerit,
1727 1381 1768 1411 ita

79 1442 214 1474 Arabicis
235 1443 336 1473 eodem
358 1443 462 1482 modo,
488 1448 578 1482 atque
602 1444 711 1483 Pater,
745 1444 782 1474 ad
815 1444 964 1474 Hebraica
997 1443 1169 1484 explicanda
1200 1453 1269 1473 usus
1299 1447 1354 1473 est.
1396 1442 1464 1472 Duo
1492 1446 1609 1472 tantum
1629 1441 1765 1479 Scripta,

79 1513 154 1541 quae
192 1503 248 1533 hoc
280 1503 428 1542 probent,
464 1508 632 1542 supersunt.
688 1504 794 1542 Prius,
830 1504 905 1543 quod
938 1503 1027 1534 edidit
1052 1503 1087 1534 L.
1121 1504 1155 1534 B.
1184 1512 1282 1543 1742,
1314 1513 1383 1534 cum
1406 1512 1517 1533 annum
1540 1506 1639 1541 ageret
1664 1504 1761 1539 26²¹m,

78 1566 115 1593 de
140 1566 275 1593 utilitate
300 1565 517 1593 Dialectomm
542 1566 578 1594 O.
602 1565 637 1593 Ο.
662 1566 708 1594 ad
727 1566 878 1594 tuendam
903 1566 977 1594 Cod.
1001 1566 1099 1593 Ilebr.
1122 1566 1345 1603 integritatem.
1390 1562 1527 1593 Alterum
1551 1561 1612 1600 agit
1634 1563 1672 1592 de
1684 1565 1767 1600 fru-

76 1625 174 1653 ccihus
197 1626 230 1653 in.
257 1625 362 1653 leeol.
384 1625 633 1653 redundantibus
658 1636 695 1654 ex
713 1627 861 1664 peritiore
888 1627 987 1664 lingg.
1015 1626 1051 1654 O.
1077 1626 1112 1653 O.
1135 1626 1331 1664 cognitione;
1353 1632 1428 1661 quae
1450 1626 1494 1653 est
1516 1622 1641 1661 Oratio,
1664 1621 1766 1652 habita

75 1684 109 1714 L.
142 1683 177 1713 Β.
215 1692 292 1723 1749
308 1707 317 1722 ‚
350 1693 418 1713 cum
444 1683 551 1713 Theoi,
571 1687 599 1713 et
622 1683 656 1713 L.
675 1683 711 1714 L.
732 1683 769 1714 O.
790 1684 827 1713 (l.
849 1694 955 1714 munus
972 1688 1150 1722 capesseret.
1172 1703 1210 1711 —.
1232 1683 1323 1714 Plura
1348 1692 1415 1714 eum
1437 1693 1496 1713 non
1515 1682 1664 1723 scripsisse
1678 1705 1686 1720 ,
1710 1692 1765 1712 nec.

74 1743 167 1773 ullum
197 1742 375 1781 Scriptorem
408 1742 573 1774 Arabicum
603 1742 746 1781 edidisse,
780 1753 958 1782 magnopere
978 1754 1011 1774 ac
1037 1744 1142 1775 merito
1165 1743 1316 1781 dolemus5
1337 1743 1391 1782 ipsi
1412 1753 1503 1781 vero,
1524 1742 1621 1773 causis
1639 1742 1700 1774 eius
1722 1744 1764 1772 rei

76 1802 287 1840 consideratis,
311 1802 447 1832 lubenter
469 1802 540 1832 iilud
562 1802 747 1841 ignoscimus.
791 1802 913 1841 Triplici
933 1803 1012 1834 enim
1036 1803 1215 1843 fungebatur
1235 1813 1377 1842 munere,
1396 1803 1432 1834 L.
1443 1802 1479 1833 L.
1498 1802 1586 1832 0.0.
1609 1807 1639 1833 et
1661 1802 1766 1833 Theol-

77 1861 270 1900 Professoris‚
303 1861 502 1900 Collegitque,
535 1861 757 1892 commemorati
780 1862 886 1901 modo,
909 1862 1066 1893 Praefecti.
1109 1863 1321 1902 Accedebant,
1345 1868 1377 1894 ut
1401 1862 1500 1894 serunt
1516 1886 1525 1901 ,
1548 1872 1639 1893 curae
1664 1862 1765 1893 dome-

78 1922 188 1959 sticae,
213 1930 326 1960 eaeque
348 1924 507 1959 perpetuae
530 1924 559 1950 et
583 1929 672 1958 quam
694 1920 858 1961 plurimae,
882 1925 964 1951 ortae.
985 1931 1020 1952 ex
1042 1922 1147 1952 misera
1171 1932 1259 1952 carae
1284 1921 1402 1962 Uxoris,
1425 1926 1524 1953 mente
1547 1926 1670 1962 captae,
1694 1933 1766 1954 con-

78 1982 199 2012 ditione.
254 1980 481 2011 Controversiae
513 1989 600 2021 porro
634 1979 850 2020 Theologicae,
874 1990 908 2011 eo
930 1981 1050 2012 vivente
1073 1981 1258 2020 saevientes,
1283 1981 1389 2021 quibus
1411 1992 1478 2013 cum
1501 1982 1609 2013 astutia
1627 1992 1764 2021 quorum-

80 2043 147 2073 dam
181 2041 341 2081 implicitus
371 2045 472 2079 esset,
509 2040 623 2079 reliqua
658 2040 708 2071 otii
740 2040 787 2072 sui
819 2045 903 2080 parte
932 2040 1106 2080 privabatur
1135 2051 1251 2079 prorsus
1279 2051 1313 2072 ac
1342 2041 1430 2080 plane
1460 2045 1587 2072 invitus.
1630 2043 1765 2082 Namque

78 2108 140 2133 erat
169 2103 286 2141 quidem
319 2101 487 2140 Theologus
519 2100 650 2131 liberalis
683 2101 712 2131 in
747 2101 866 2140 paucis,
904 2111 1027 2140 eamque
1050 2102 1086 2132 ob
1109 2113 1228 2133 causam
1252 2102 1283 2133 in
1306 2102 1516 2134 nonnullorum
1539 2103 1637 2135 odium
1659 2105 1765 2136 invidi—

79 2172 184 2201 amque
214 2162 360 2200 incurrit,
402 2160 451 2192 sed
486 2160 655 2192 moderatus
681 2160 787 2201 simul,
818 2161 899 2200 pacis
931 2162 1148 2194 amantissimus
1177 2168 1206 2194 et
1229 2173 1299 2194 vero
1328 2163 1433 2203 insigni
1465 2163 1554 2194 animi
1585 2166 1764 2203 praestantia

80 2231 167 2259 quam
195 2222 321 2253 maxime
357 2221 502 2253 amabilis.
546 2221 607 2252 Sua
639 2221 749 2260 igitur,
783 2231 871 2261 quam
902 2222 956 2253 sibi
985 2233 1157 2262 comparare
1179 2228 1332 2264 potuerat,
1357 2223 1460 2264 fama,
1492 2225 1616 2256 aliorum
1636 2229 1663 2255 et
1683 2235 1764 2256 com·

81 2280 177 2312 munis
199 2280 318 2312 Patriae
350 2292 385 2313 ac
416 2281 578 2321 Religionis
607 2282 766 2313 commodis
794 2282 997 2321 promovendis
1020 2283 1199 2323 postposita,
1230 2284 1408 2324 Theologiae
1428 2294 1548 2315 causam
1572 2283 1697 2323 agebat,
1721 2285 1763 2315 ei·-

79 2351 135 2378 qne
167 2340 288 2379 litibus,
316 2342 339 2372 si
374 2341 434 2372 fieri
469 2346 584 2381 posset,
621 2342 783 2380 prudenter
811 2343 1020 2382 componendis
1038 2353 1126 2382 quam
1147 2344 1304 2383 plurimum
1324 2344 1467 2376 inservire
1486 2344 1671 2383 conabatur,
1693 2345 1763 2376 alios

81 2399 201 2431 taedere
232 2406 259 2430 et
287 2400 433 2433 estendere
463 2402 579 2441 quidem
602 2402 731 2434 studiose
752 2403 884 2443 evitans,
908 2404 1098 2444 omnibusque
1122 2414 1243 2444 parcere
1269 2410 1297 2436 et
1320 2404 1454 2443 cunctis,
1479 2403 1586 2436 futuris
1609 2404 1765 2444 Theologis
