2196 2950
714 148 747 181 O
797 148 829 181 R
879 147 911 180 A
962 148 995 181 Τ
1046 149 1061 181 1
1115 150 1161 182 O.
1737 149 1778 183 21

96 258 296 294 Auctorum
331 260 516 302 notitiam,
558 261 641 292 huic
677 260 802 293 Studio
830 268 958 305 sponte
985 274 1050 295 sua
1077 263 1242 294 admotus
1270 268 1337 294 est.
1392 263 1499 306 Quod
1526 275 1607 295 eum
1635 270 1778 307 ageret,

96 327 329 371 intimamque
368 337 449 357 cum
488 325 542 357 his
581 325 770 357 Codicibus
805 326 1088 359 familiaritatem
1117 328 1181 359 sibi
1209 329 1439 361 contraheret
1465 335 1500 361 et
1528 340 1778 362 WAKEDIANAM

95 393 338 435 quaestionem
364 390 544 435 explicare
571 392 795 435 susciperet,
832 393 929 425 illam
969 393 1253 436 disquisitionem
1289 393 1414 425 deinde
1452 406 1593 438 semper
1620 395 1664 427 ob
1689 407 1780 427 oeu—

95 458 147 490 los
172 457 296 490 habuit
311 481 320 498 ,
348 467 498 498 eamque
520 455 555 487 in
576 455 741 488 omnibus
763 456 916 488 aliorum
931 457 1083 501 Scriptis
1100 483 1109 499 ,
1134 469 1225 501 quae
1248 458 1404 502 legeret,
1423 469 1588 501 quaeque
1607 472 1779 492 censurae

96 523 286 555 subiiceret
305 546 313 563 ,
347 521 464 553 dedita
491 533 602 565 opera
630 527 733 554 acute
754 522 948 555 admodum
970 524 1127 556 instituit
1142 548 1151 566 ,
1179 529 1288 567 atque
1310 525 1361 556 ita
1376 549 1385 566 ,
1412 529 1481 556 tam
1511 526 1585 556 suis
1608 525 1782 559 observa-

94 589 249 622 tionibus
267 613 276 630 ,
306 600 412 632 quam
445 587 502 621 via
524 587 602 619 aliis
629 588 964 631 eommonstranda,
994 589 1244 621 immortaliter
1271 590 1313 622 de
1334 588 1467 622 Litoris
1493 590 1538 622 O.
1564 590 1610 623 O.
1632 593 1776 623 meruit.

143 719 281 753 Verum
314 719 503 760 Historia,
532 719 605 752 sive
641 719 775 761 civilis,
805 720 879 753 sive
914 720 1098 763 literaria,
1123 722 1185 754 vix
1212 721 1452 765 intelligitur,
1481 732 1545 753 nec
1577 727 1672 753 recte
1696 734 1780 754 um-

94 798 201 830 quam
242 785 421 827 traditur,
466 785 535 817 nisi
585 784 844 828 Geograplziae
879 785 956 818 sace
988 787 1141 819 admota.
1209 788 1309 829 Quot
1347 787 1546 830 (punitique
1576 793 1611 819 et
1640 787 1782 819 ridiculi

93 850 273 883 interdum
304 862 470 892 errores,
498 851 562 883 hae
590 851 775 894 ignorata,
804 852 1099 894 committantur,
1127 852 1233 896 longa
1260 852 1508 896 exemplorum
1536 852 1643 883 series
1671 857 1782 884 testa—

95 922 167 948 tur.
217 916 253 947 Si
291 916 352 958 qui
392 921 506 947 tamen
546 916 630 957 alii,
670 916 886 949 recentiores
915 923 1011 949 certe
1038 918 1219 950 Historiae
1248 918 1490 950 Orientalium
1517 918 1718 961 Scriptores
1746 924 1780 949 et

92 981 421 1022 Commentatores,
473 991 543 1011 non
597 979 732 1023 dicam,
785 983 977 1025 excusari,
1024 988 1059 1015 at
1092 983 1320 1027 indulgenter
1358 984 1544 1016 diiudicari
1580 989 1778 1016 merentur.

92 1046 226 1090 Magna
264 1057 393 1090 nempe
425 1045 644 1078 obscuritate
682 1046 914 1091 Geographia
950 1047 1095 1080 illarum
1136 1053 1316 1080 terrarum
1357 1049 1548 1093 premitur.
1602 1049 1672 1081 Per
1699 1049 1781 1081 lon—

92 1124 177 1156 gum
216 1117 358 1156 tempus
395 1112 547 1144 conditio
576 1111 737 1143 Orientis
764 1123 807 1144 ex
834 1112 918 1144 solis
945 1112 1170 1145 Graecorum
1199 1113 1517 1157 Romanorumque
1544 1115 1696 1158 Scriptis
1723 1115 1781 1146 in—

91 1184 272 1211 notuerat.
336 1178 416 1210 Hae
452 1189 537 1211 vero
575 1179 723 1210 notitiae
758 1178 990 1222 imperfectae
1025 1184 1128 1211 erant
1155 1184 1189 1211 et
1216 1185 1435 1224 corruptae,
1462 1179 1572 1212 salsae
1599 1180 1780 1212 interdum

92 1251 155 1277 aut
192 1244 313 1276 nullae
348 1255 511 1288 prorsus.
566 1244 753 1276 Orientem
780 1244 932 1276 Veteres
958 1244 1011 1276 illi
1038 1250 1280 1288 cognoverant
1297 1270 1307 1287 ,
1335 1246 1509 1290 perpauci
1537 1257 1581 1277 ex
1607 1246 1782 1278 diuturna

90 1311 387 1352 connnoratione,
427 1309 552 1353 plures
587 1321 630 1341 ex
669 1308 859 1341 itineribus
895 1309 1065 1343 velociter
1110 1311 1294 1354 peractis,
1333 1311 1500 1354 plerique
1534 1322 1578 1343 ex
1612 1312 1778 1354 testium,

91 1377 153 1419 qui
193 1376 300 1408 rebus
339 1375 460 1408 relatis
499 1374 773 1417 interfuissent,
822 1376 1020 1409 aliorumve
1057 1375 1337 1408 narrationibus.
1404 1375 1514 1408 Fama
1553 1384 1702 1419 autem,
1738 1382 1780 1408 ut

91 1442 218 1473 crescit
263 1441 405 1483 eundo,
454 1441 505 1472 ita
541 1441 687 1472 nomina
720 1441 871 1484 propria
906 1442 1086 1474 invertere
1117 1441 1218 1473 solet.
1272 1440 1371 1473 Haec
1404 1442 1521 1484 enim,
1549 1453 1592 1474 ex
1629 1441 1778 1485 Linguis

93 1506 138 1539 O.
180 1505 225 1538 O.
265 1505 414 1538 Graecis
459 1504 643 1539 Latinisve
676 1505 788 1537 literis
826 1506 988 1548 reddita,
1029 1506 1157 1538 misere
1192 1506 1300 1550 vulgo
1327 1511 1528 1548 vexantur,
1557 1512 1591 1538 et
1619 1507 1776 1551 turpiter

91 1571 330 1613 mutilantur,
370 1583 486 1614 neque
520 1571 681 1603 locorum
716 1572 805 1603 situs
839 1571 1057 1615 plerumque
1094 1572 1284 1604 admodum
1319 1577 1482 1604 curatur.
1513 1591 1561 1596 -—
1595 1571 1667 1613 Qui
1691 1584 1779 1604 con—

95 1643 149 1670 tra
173 1649 216 1669 ex
248 1638 335 1682 ipsis
376 1637 618 1669 Orientalium
654 1637 754 1669 libris
787 1637 935 1669 meliora
964 1638 1080 1682 repeti
1108 1650 1214 1682 posse
1247 1638 1471 1681 arbitretur,
1505 1639 1570 1671 hae
1604 1651 1668 1683 spe
1697 1651 1778 1672 sae-

90 1715 136 1748 pe
166 1703 272 1736 etiam
310 1715 346 1735 se
381 1702 501 1735 deludi
534 1703 805 1735 animadvertet.
870 1703 1008 1735 Eorum
1043 1702 1242 1746 Auctores,
1277 1704 1306 1735 si
1335 1704 1424 1748 ipsis
1456 1703 1564 1736 rebus
1598 1704 1777 1737 interfue—

91 1769 186 1811 rint,
221 1768 357 1810 multa,
398 1768 470 1800 suis
507 1768 716 1811 aequalibus
748 1769 957 1811 notissima,
1006 1770 1227 1810 omiserunt3
1260 1770 1297 1802 in
1336 1770 1377 1801 iis
1417 1780 1527 1811 verO,
1563 1780 1654 1812 quae
1692 1770 1775 1802 lon—

92 1845 137 1877 go
175 1833 218 1866 ab
254 1834 340 1877 ipsis
379 1833 452 1867 sive
485 1833 618 1877 spatii,
657 1834 730 1867 sive
762 1835 958 1878 temporis,
983 1834 1174 1868 intervallo
1210 1835 1304 1867 facta
1334 1835 1426 1876 sint,
1453 1834 1522 1877 ipsi
1549 1835 1654 1866 etiam
1681 1835 1775 1868 haud

92 1910 175 1930 raro
211 1898 404 1931 falluntur.
443 1917 488 1923 —
523 1899 605 1940 Quo
642 1898 788 1942 gravius
827 1910 911 1942 ergo
946 1899 1013 1931 hoe
1053 1900 1219 1932 Studium
1260 1905 1338 1941 est,
1380 1910 1420 1931 eo
1459 1899 1657 1943 impensius
1692 1900 1776 1933 lau-

91 1964 223 1996 dentur
265 1964 340 2006 illi,
385 1964 447 2007 qui
489 1963 572 1995 huic
618 1974 655 1995 se
691 1964 832 1996 tradere
865 1964 1065 2007 auderent,
1107 1977 1147 1997 ac
1185 1965 1317 2009 regiam
1354 1965 1430 1996 eius
1465 1965 1640 1998 tractandi
1679 1966 1773 2000 viam

91 2029 379 2073 ingrederentur.
446 2028 594 2073 Optima
622 2028 785 2073 profecto
815 2035 1002 2073 praestare
1034 2029 1168 2062 auxilia
1202 2029 1376 2063 ,Arabum
1411 2029 1668 2074 Geograplios,
1711 2033 1774 2075 qui

91 2106 136 2127 ex
170 2093 329 2127 fontibus
347 2119 357 2137 ,
395 2094 577 2127 uberrime
611 2094 833 2137 fluentibus,
868 2095 985 2127 dedita
1014 2106 1125 2139 opera
1156 2094 1421 2139 Geographiam
1454 2094 1675 2128 Orientalem
1708 2108 1773 2139 ex—

92 2160 298 2205 plicarunt,
337 2161 421 2193 olim
447 2161 516 2194 iam
543 2161 800 2193 intellexerunt
830 2171 959 2193 GOLIUS
985 2165 1021 2192 et
1046 2170 1228 2192 ALBERTUS
1254 2171 1524 2193 SCHULTENSIUS.
1579 2161 1773 2195 Recentio-

91 2225 124 2257 ri
161 2237 246 2261 vero
273 2225 443 2259 memoria
471 2227 566 2259 inter
603 2226 758 2259 Exteros
783 2226 879 2258 haud
905 2226 1037 2270 pauci,
1076 2226 1139 2270 qui
1164 2237 1236 2258 non
1263 2224 1434 2259 Arabieos
1460 2227 1587 2270 modo,
1615 2228 1675 2260 sed
1700 2227 1774 2260 ali-

92 2301 202 2322 arum
239 2297 427 2336 praeterea
464 2293 511 2325 O.
541 2292 586 2325 O.
625 2293 785 2336 gentium
810 2292 921 2325 libros
948 2292 1144 2332 adeuntes,
1179 2291 1302 2325 multis
1331 2292 1598 2336 quaestionibus
1626 2293 1772 2326 solven-

92 2356 144 2388 dis
188 2361 223 2389 et
267 2357 309 2389 de
348 2358 562 2402 quibusdam
600 2358 707 2391 terris
744 2358 922 2393 universis
955 2357 1095 2390 erudite
1127 2357 1353 2401 disserendo,
1397 2358 1487 2390 hanc
1522 2357 1770 2403 Geographiae

89 2427 231 2465 partem
277 2433 360 2457 vere
406 2429 642 2457 exornarunt.
708 2423 809 2467 Quos
847 2422 1055 2466 aemulans,
1087 2433 1305 2457 HAMAKERUS
1343 2423 1518 2467 egregiis,
1548 2421 1678 2466 quibus
1704 2422 1771 2455 Bi·-
