2196 2950
281 174 329 212 'IS
848 170 1399 205 ADDENDA.

290 292 317 315 ‹·t
352 286 507 324 prudentia
540 285 594 315 sibi
627 288 785 323 paratum,
814 286 904 316 armis
931 285 1036 315 deinde
1056 284 1182 315 feliciter
1196 284 1316 322 prolatis
1334 294 1385 322 per
1404 292 1542 321 magnam
1562 280 1761 311 Meridionalis
1783 280 1882 310 Indiae
1903 294 1958 310 an-

289 350 430 382 terioris,
460 355 534 383 qnae
567 345 694 382 dicitur,
725 349 840 383 partem
863 345 1003 375 extendit.
1052 347 1219 375 Sultmmm
1243 344 1428 384 agnoscimus
1451 345 1617 383 sslysores,
1643 341 1806 380 Anglorum
1827 341 1856 370 in
1882 339 1964 370 India

288 405 398 435 lzostcm
430 404 671 442 itifffstissimum,
704 415 882 443 eorumque,
915 410 977 443 post
1005 405 1159 435 victoriam
1187 415 1203 434 a
1229 416 1342 434 cmvw
1365 413 1442 434 anno
1469 405 1545 439 1756
1568 406 1769 440 reportatam,
1793 404 1968 438 occupatas-

286 474 341 502 quc
363 463 544 502 Bongatam,
572 463 724 494 Baliarum
748 469 776 494 et
796 464 926 495 Orissam
941 489 949 502 ,
970 464 1170 495 adversarium
1195 463 1325 502 profecto
1348 462 1589 502 potentissimum.
1633 461 1711 499 Quid
1735 459 1857 497 fecerit,
1881 460 1962 489 novi-

290 534 364 554 mus.
408 523 454 554 Ab
489 534 567 553 anuo
606 526 807 564 1760--1769
841 524 1042 554 saevissimum
1077 534 1144 554 cum
1179 523 1283 562 Anglis
1307 523 1416 552 bellum
1439 522 1548 561 gessit,
1571 522 1661 560 iisque
1684 520 1765 558 pacis
1787 519 1967 550 conditiones

289 584 343 613 snb
376 583 526 614 moenibus
556 583 654 620 urbis,
691 594 780 622 quam
812 588 919 612 vocant
953 585 1109 620 Ilsadras,
1141 583 1203 620 ipse
1235 582 1356 612 tandem
1390 582 1588 620 praescripsit.
1632 581 1695 611 lloc
1717 586 1815 611 autem
1838 585 1968 618 tempore

289 644 350 673 vius
380 653 494 682 quoque
524 643 601 672 inter
631 642 716 672 Indos
744 642 904 672 auctoritas
931 641 958 671 in
991 641 1052 671 dies
1078 642 1182 672 crevit.
1236 641 1393 672 Mahrattis
1423 641 1501 671 enim
1531 652 1596 671 mox
1633 641 1808 679 debellatis,
1834 640 1970 679 princeps

290 703 386 733 sactus
409 708 450 733 ost
468 703 591 733 foederis
605 727 613 741 ‚
644 702 720 741 qnod
744 702 951 740 praevalentes
974 700 1061 731 huius
1083 700 1183 730 Indiae
1202 701 1292 739 partis
1313 701 1470 738 civitates,
1503 705 1534 730 ut
1560 701 1662 740 Anglis
1683 700 1874 737 resisterent,
1899 701 1973 729 inie-

291 767 369 793 rant.
413 762 544 793 Callidae
579 773 650 793 sane
682 763 786 792 horum
817 761 936 792 suerunt
962 766 1046 791 artes·
1062 761 1092 791 in
1117 770 1151 790 eo
1174 759 1290 790 foedere
1314 759 1520 798 disrumpendo
1535 783 1544 797 ,
1569 769 1680 798 eaeque
1703 760 1822 789 minime
1845 760 1966 797 irritae,

297 834 355 853 non
389 833 458 853 vero
494 823 554 853 eius
588 823 754 862 (fficaciae,
792 827 823 852 ut
847 822 967 852 heroem
990 826 1122 851 nostrum
1145 820 1242 850 minus
1265 818 1452 849 audaciorem
1474 818 1643 848 redderent.
1687 819 1741 848 Hic
1766 828 1871 857 nempe
1894 829 1971 849 anno

297 887 373 920 1780
408 882 519 913 bellum
545 882 639 912 denuo
662 882 764 921 Anglis
788 881 907 918 intulit,
939 881 1015 920 quod
1039 885 1140 911 tamen
1164 878 1245 909 varia
1268 877 1384 916 quidem
1399 901 1407 916 ‚
1432 876 1580 908 interdum
1604 887 1673 907 vero
1696 877 1835 915 prospera
1858 877 1974 907 fortuna

292 947 425 981 gestum,
461 942 518 972 filio
556 941 775 980 perducendum
810 941 939 979 reliquit.
995 940 1128 970 Mortuus
1160 943 1202 969 est
1238 950 1342 968 m'DJ-:n
1377 949 1443 967 ALY
1466 947 1543 967 anno
1570 940 1658 977 1782.
1701 936 1808 975 Filius,
1833 949 1974 966 merno-

300 1015 371 1031 sAnz
386 1026 393 1039 ,
429 1012 513 1040 quem
538 1001 649 1039 Pater,
676 1012 842 1030 mmmm
868 1001 960 1039 alter,
984 1000 1082 1030 odium
1104 999 1135 1029 in
1158 998 1254 1029 hostes
1277 1002 1431 1028 aeternum
1454 997 1551 1027 iurare
1574 997 1721 1035 iusserat,
1745 996 1865 1027 Patrem
1890 997 1974 1026 belli-

296 1064 330 1092 ca
354 1062 462 1092 virtute
484 1061 615 1091 reserens
629 1085 636 1099 ,
671 1061 697 1090 ci
722 1071 790 1090 vero
813 1061 923 1100 ingenii
947 1060 1142 1092 facultatibus
1164 1058 1283 1096 impar,
1309 1057 1534 1096 petentibusque
1556 1056 1641 1087 sociis
1663 1056 1842 1095 destitutus,
1864 1056 1974 1086 bellum

295 1129 393 1152 tamen
425 1121 507 1151 nulla
532 1121 593 1150 sere
618 1131 685 1151 cum
718 1121 834 1151 iactura
870 1130 948 1150 anno
993 1125 1070 1160 1784
1104 1118 1277 1157 composuit.
1331 1117 1389 1147 Sed
1423 1127 1500 1147 anno
1535 1127 1612 1157 ¹790
1643 1116 1698 1146 hoc
1728 1125 1828 1146 rursus
1859 1116 1976 1147 exarsit.

294 1181 415 1221 Anglis,
441 1185 510 1210 tunc
534 1190 601 1210 cum
623 1179 781 1209 Mahranis
803 1179 897 1217 ipsum
920 1179 1178 1218 aggredientibus,
1200 1178 1282 1217 regni
1304 1182 1419 1216 partem
1443 1176 1593 1207 dimidiam
1617 1175 1735 1206 tradere
1757 1180 1898 1214 coactus,
1932 1176 1976 1206 al-

296 1247 391 1271 teram
422 1250 499 1270 anno
539 1250 618 1280 1799
650 1239 765 1278 amisit,
790 1243 944 1277 postquam
968 1239 1096 1269 triennio
1121 1243 1190 1269 ante
1211 1238 1289 1268 hanc
1314 1237 1428 1268 cladem
1448 1236 1551 1267 ulcisci
1575 1236 1718 1267 xotuerat.
1762 1235 1877 1266 Proelio
1898 1246 1980 1267 com-

294 1301 379 1331 misso
417 1299 521 1330 cecidit
553 1299 614 1338 ipse
646 1309 680 1329 ac
712 1299 825 1338 lllysore
855 1299 892 1329 ab
926 1308 960 1328 eo
995 1298 1063 1328 inde
1084 1304 1214 1337 ternpore
1237 1299 1266 1329 in
1288 1298 1452 1338 Anglorum
1473 1297 1596 1328 redacta
1617 1302 1659 1328 est
1683 1302 1869 1336 potestatem.
1911 1297 1976 1328 vid.

301 1374 325 1392 1.
348 1372 499 1391 Mianun
533 1363 675 1389 Histoire
708 1360 762 1389 des
792 1363 927 1399 progre's
958 1367 988 1390 et
1021 1360 1058 1388 de
1081 1361 1114 1388 la
1138 1362 1228 1390 eluite
1250 1361 1287 1389 de
1312 1360 1464 1398 l’Empire
1487 1359 1524 1388 de
1546 1359 1684 1397 Illysore.
1716 1357 1801 1388 Paris
1828 1360 1980 1397 1801—9.

296 1434 314 1451 2
337 1421 406 1451 voll.
438 1424 490 1459 805
524 1419 575 1450 ubi
607 1419 783 1450 describitur
806 1431 911 1450 mmm
936 1430 1003 1449 ALY
1026 1423 1054 1449 et
1078 1418 1114 1449 de
1141 1419 1202 1450 eius
1223 1418 1361 1449 laudibus
1383 1417 1532 1448 disseritur
1554 1417 1592 1457 1,
1610 1428 1640 1456 p.
1660 1421 1699 1450 33
1718 1427 1818 1456 seqq.,
1842 1421 1881 1456 73
1899 1426 1979 1455 seqq.

295 1481 343 1519 11,
375 1492 411 1520 p„
439 1484 478 1512 80
501 1490 599 1519 seqq.,
628 1484 685 1511 125
718 1489 798 1518 seqq.
828 1498 864 1502 —-
889 1478 1194 1513 Dictaconsideranti
1216 1479 1295 1510 haud
1317 1479 1510 1518 improbabile
1529 1483 1591 1517 est,
1615 1478 1696 1509 hunc
1718 1477 1898 1516 Sultanum,
1918 1487 1969 1507 co·

297 1541 378 1580 gnita
407 1553 571 1571 summum
605 1540 730 1571 nominis
761 1539 956 1578 celebritate,
989 1540 1044 1570 hoc
1075 1538 1162 1571 missa
1182 1538 1311 1578 Epistola
1335 1543 1448 1569 tentare
1471 1538 1616 1576 votuisse,
1638 1537 1718 1577 sive,
1743 1541 1776 1568 ut
1796 1546 1905 1568 novum
1927 1546 1977 1575 po-

303 1606 474 1640 tentemque
498 1601 553 1632 sibi
585 1601 712 1631 amicum
747 1605 883 1638 pararet,
916 1599 1018 1639 Anglis
1049 1599 1124 1630 forte
1144 1611 1209 1631 mox
1231 1600 1449 1637 adversarium3
1481 1599 1563 1637 sive,
1585 1603 1618 1629 ut
1639 1608 1708 1629 eum
1732 1607 1846 1636 quoque
1868 1597 1985 1628 adiuto-

306 1671 366 1692 rem
401 1661 644 1699 nancisceretur,
680 1670 733 1698 per
753 1670 839 1699 quem
858 1671 914 1690 non
936 1660 1033 1691 minus
1052 1670 1140 1698 quam
1160 1670 1212 1698 per
1234 1659 1354 1698 Gallos,
1379 1669 1499 1698 qnorum
1519 1659 1703 1689 institutione
1724 1663 1753 1688 et
1774 1657 1881 1688 auxilio
1899 1656 1978 1687 frue-

302 1723 389 1752 batur
423 1726 584 1760 perpetuo,
616 1731 678 1751 rem
711 1721 871 1750 militarem
902 1720 993 1758 magis
1026 1720 1115 1750 etiam
1149 1720 1185 1750 ad
1205 1719 1425 1757 Europaeorum
1445 1719 1589 1749 rationem
1613 1717 1824 1749 conformaret.
1865 1716 1898 1747 In
1921 1716 1980 1755 pri-

301 1792 348 1812 ore
379 1782 429 1812 illa
463 1781 616 1820 Epistola,
646 1780 814 1818 conscripta
842 1780 945 1819 Uagae
978 1779 1125 1810 Comitum
1154 1779 1200 1810 die
1232 1786 1288 1820 290
1319 1778 1446 1809 lanuaiii
1469 1778 1539 1808 anni
1565 1782 1664 1818 1773,
1687 1777 1814 1816 Legatus
1838 1778 1982 1818 (Etwoye'

303 1842 586 1881 Extraordinaire)
612 1843 803 1872 Borussorum
839 1853 878 1871 ne
910 1852 1141 1878 rumentum,
1164 1842 1329 1880 Epistolae
1350 1839 1428 1868 iliius
1452 1840 1624 1868 orientalis
1644 1837 1794 1867 mentione
1815 1836 1915 1874 sacta,
1938 1836 1980 1866 to-

301 1904 399 1942 quitur
427 1907 544 1934 tantum
576 1903 611 1932 de
642 1907 792 1941 tempore,
829 1912 886 1940 quo
911 1901 971 1940 ipse
1004 1913 1026 1930 1.
1060 1913 1081 1931 t.
1099 1911 1347 1930 senum-essum
1370 1898 1447 1928 hane
1468 1897 1504 1927 ob
1527 1907 1648 1928 causam
1669 1896 1784 1935 adiret,
1807 1895 1984 1926 deliniendo.

302 1965 365 1995 Hoc
395 1969 437 1994 cst
467 1964 602 1994 initium:
646 1966 684 1993 Je
714 1966 781 1993 ηἀὶ
805 1976 866 2003 pas
885 1965 1047 1992 l’lwnneur
1068 1964 1164 1992 ‹l’e'tre
1185 1973 1284 1990 comm
1298 1960 1577 2000 personnellemenc
1600 1959 1638 1987 de
1660 1969 1734 1987 vous
1749 1981 1757 1995 ,
1778 1960 1859 1986 mais
1876 1960 1910 1994 je
1934 1968 1979 1985 me

297 2028 393 2063 stacte
425 2026 617 2064 cepemlant,
654 2037 710 2065 que
740 2036 812 2054 vous
841 2024 951 2064 agre'e'z
985 2025 1018 2053 la
1050 2022 1181 2059 liberte',
1216 2031 1274 2060 que
1304 2023 1338 2058 je
1357 2021 1474 2060 prende
1498 2020 1535 2048 de
1556 2021 1692 2048 recoun'r
1720 2019 1740 2046 ἁ
1764 2029 1814 2047 von
1835 2019 1978 2046 lumie'res

306 2088 385 2114 dans
418 2097 475 2114 une
504 2087 663 2122 occasion,
702 2088 754 2124 qm⁸
787 2087 933 2114 interesse
972 2085 1006 2113 la
1033 2083 1180 2113 curiosae(
1195 2083 1238 2110 du
1254 2082 1331 2119 Rei,
1353 2092 1423 2110 mon
1446 2081 1578 2109 fflaitre.
1626 2081 1658 2108 S.
1675 2079 1724 2107 M.
1745 2080 1806 2107 m'a
1816 2080 1888 2115 fait
1905 2088 1985 2117 par-

307 2148 391 2174 venir
425 2157 481 2174 une
513 2147 602 2174 lettre
632 2157 693 2184 peu
725 2146 874 2181 dcc-adue,
909 2146 1001 2174 e'crite
1031 2156 1069 2173 en
1099 2145 1214 2182 langue
1242 2143 1352 2170 Arabe
1385 2153 1424 2170 οιι
1451 2143 1612 2177 Pei-sane,
1636 2140 1711 2168 dont
1733 2140 1806 2168 Elle
1829 2140 1929 2168 desire
1947 2139 1981 2166 la

311 2206 490 2234 traduction
511 2208 568 2234 cet.
612 2203 644 2234 ln
678 2204 772 2234 altera
790 2203 920 2242 Epistola
944 2213 979 2233 ex
999 2202 1101 2233 eadem
1121 2201 1194 2232 urbe
1216 2200 1303 2231 missa
1327 2200 1373 2230 die
1395 2203 1433 2230 28
1457 2199 1553 2230 Martii
1574 2197 1702 2229 eiusdem
1726 2197 1816 2236 anni,
1841 2196 1915 2227 haec
1938 2196 1980 2226 le-

308 2269 434 2302 guntur:
467 2267 534 2294 J'ai
560 2266 687 2294 adresse‘
717 2277 760 2294 (ιω
788 2267 848 2294 1ὶοί
880 2267 912 2294 la
943 2264 1122 2294 trctdaction
1153 2264 1190 2291 de
1223 2264 1256 2291 la
1288 2263 1377 2290 lettre
1407 2263 1444 2291 de
1477 2269 1582 2290 qum
1607 2270 1696 2296 ALY,
1717 2260 1791 2287 dont
1814 2269 1886 2287 νοιις
1908 2268 1983 2286 avez

312 2328 378 2355 Men
415 2328 510 2356 voulu
542 2337 616 2355 vous
645 2327 776 2363 charger
809 2326 827 2353 ἀ
850 2337 899 2354 ma
919 2327 1111 2364 reqztieilion.
1158 2325 1190 2351 S.
1208 2324 1256 2351 M.
1281 2324 1343 2351 m’a
1365 2322 1501 2350 ordonnd
1518 2322 1554 2350 de
1576 2331 1649 2350 vous
1669 2314 1836 2357 temoigner
1858 2319 1885 2346 le
1902 2320 1980 2357 gri,

313 2388 435 2424 qu'Elle
467 2398 539 2416 vous
569 2388 670 2415 εανοιῖι
699 2386 735 2414 de
759 2387 792 2413 la
810 2388 917 2424 peine,
938 2397 994 2424 que
1015 2396 1087 2413 vous
1108 2395 1182 2413 ave:
1199 2385 1266 2422 pris·
1280 2405 1287 2418 ,
1320 2389 1349 2410 et
1370 2383 1407 2411 de
1428 2393 1501 2411 «votos
1524 2387 1665 2410 remettre
1688 2381 1720 2407 la
1741 2379 1892 2408 Medaille
1915 2379 1982 2406 d'or

316 2458 339 2473 ιι
360 2450 455 2482 jointe
474 2448 510 2475 cle
533 2449 564 2475 la
589 2448 698 2476 valem-
721 2447 757 2474 cle
778 2448 814 2475 25
838 2446 981 2481 Ducam,
1008 2456 1118 2474 comme
1144 2455 1200 2473 une
1224 2454 1353 2481 mar-que
1377 2444 1413 2472 <le
1437 2455 1474 2471 sa
1497 2442 1717 2471 hienveillance
1737 2443 1794 2470 cet.

2173 0 2183 97 —„-A
