2196 2950
617 122 1310 160 ANNOTATIO.
1768 132 1813 165 55

140 236 231 266 Hebr.
261 235 294 266 V.
315 235 365 273 T„
401 244 458 272 quo
486 235 508 264 is
536 235 662 272 quotidie
692 236 736 266 uti
765 236 889 266 solebat.
932 236 1032 267 Hocce
1052 238 1131 268 enim
1153 239 1319 277 exemplum
1340 242 1398 281 (ex.
1417 249 1477 271 rec.
1497 252 1519 271 1.
1543 252 1692 273 rensuum
1712 242 1808 275 Amst.

142 297 219 334 1667
243 295 290 331 80)
305 318 312 331 ,
329 293 411 324 cuius
431 292 610 324 mentionem
632 293 766 325 fecerunt
791 307 814 325 1.
835 307 867 324 u.
888 306 1066 326 vansermm
1092 297 1135 335 (in
1157 300 1270 338 Elogio
1290 310 1388 329 nemu.
1406 312 1555 331 venenu
1576 301 1703 342 Franeq.
1727 308 1804 344 1788

138 360 191 392 go,
215 365 243 393 p,
265 355 337 395 39),
358 358 387 384 et
412 364 584 384 1.A.1.0Tzr:
604 353 647 392 (in
673 353 767 391 praef.
789 366 811 384 1.
832 366 862 384 ιι.
882 367 1095 390 νεῃεαιιηηιι
1111 359 1356 397 opusculorum,
1383 359 1419 389 ab
1436 369 1470 389 eo
1493 366 1556 398 post
1576 361 1662 393 huius
1682 368 1805 393 mortem

139 415 204 445 edd.
227 413 308 444 Trai.
346 416 442 449 1810,
474 416 509 443 80
540 423 569 450 p.
591 412 744 452 XLVII),
769 413 854 443 hodie
876 415 1002 454 iterum,
1027 425 1080 454 per
1103 416 1218 455 aliquod
1240 418 1377 456 temporis
1399 419 1527 456 spatium
1548 421 1654 459 quippe
1676 421 1809 460 deperdi-

139 478 218 512 tum,
252 476 349 511 postea
384 481 452 502 ver-1
477 471 689 502 Amstelodami
716 477 867 510 repertum
899 478 928 504 et
947 480 1115 514 coemtum,
1141 476 1170 506 in
1194 476 1271 508 Bibl.
1292 477 1419 516 Franeq.
1441 483 1587 509 servatur.
1630 480 1754 511 Exhibet
1777 483 1811 511 il-

139 534 186 563 lud
216 542 267 570 per
295 541 395 562 omnes
430 531 518 562 libros
552 536 582 562 et
615 544 787 571 vaunnam,
820 537 849 563 et
877 533 1049 573 interdum,
1076 545 1152 574 quae
1174 540 1272 567 tamen
1298 537 1335 567 ab
1360 537 1405 568 his
1428 542 1496 576 apte
1521 538 1757 578 distinguuntur,
1784 554 1812 570 r.

138 603 311 629 commun,
332 590 436 621 Theoi.
464 591 532 621 olim
562 591 591 622 in
620 591 715 622 Acad.
744 592 870 631 Franeq.
900 593 999 632 Profi,
1023 595 1259 634 emendationes,
1282 597 1407 636 margini
1437 598 1621 637 adscriptas,
1641 599 1721 630 haud
1739 610 1806 630 raro

138 651 287 691 egregias,
319 660 354 681 ex
386 651 495 681 sollerti
528 651 666 682 Veterum
700 651 893 691 versionum,
914 654 1072 692 praecipue
1093 654 1227 685 Graecae
1246 655 1488 695 Alexandrinae,
1512 668 1587 696 usu,
1611 664 1640 688 et
1663 668 1697 689 ex
1718 660 1805 689 simili

135 713 286 742 literarum
311 710 403 749 ligura
434 710 530 740 aliave
562 711 772 742 vocabulorum
807 712 945 743 divisione
976 714 1134 744 maxImam
1156 720 1270 753 partem
1292 720 1416 746 exortas.
1438 734 1476 739 —
1502 717 1550 747 Uti
1574 723 1673 748 autem
1695 731 1811 750 Kasm-

134 783 270 808 corrus,
302 781 422 801 nossms
450 770 557 809 aliique
587 771 622 801 de
658 770 747 801 Codd.
776 772 871 803 Hebr.
890 773 1086 805 describendis
1105 775 1179 805 bene
1202 776 1299 806 meriti
1322 781 1409 814 sunt,
1433 777 1473 806 ita
1496 787 1609 816 quoque
1631 788 1666 808 ex
1687 779 1810 809 Nostra-

136 831 214 862 libus
242 842 273 860 Ν.
303 842 427 860 BARKEY
458 830 488 860 in
519 832 614 860 codd.
645 833 777 861 duorum
808 834 880 862 bibl.
901 835 1007 863 MSS.
1030 836 1129 864 [ἰθὺν.
1148 843 1177 864 et
1203 837 1381 866 Americam‘
1398 840 1528 866 rarioris·
1544 861 1552 874 ‚
1574 841 1654 877 typis
1677 843 1807 878 impres-

136 896 184 929 si,
205 894 360 921 notatione
382 891 488 929 (Bibl.
508 892 614 920 Brem.
632 893 715 920 Νον.
740 890 785 930 lt)
800 915 808 929 ,
837 904 1001 923 zacnanm
1022 898 1051 924 et
1071 906 1093 924 1.
1113 905 1308 925 wxnmisns
1322 917 1334 934 ,
1355 896 1445 926 etiam
1469 896 1503 925 de
1523 896 1594 927 cod.
1613 897 1662 926 illo
1681 897 1810 928 Americ.

142 955 320 989 exponentes
353 951 479 990 (Symb.
503 953 564 980 litt.
587 953 676 990 Ilag.
698 950 766 990 II),
789 955 818 981 et
844 964 873 981 A.
898 963 927 982 Ρ.
949 964 1233 992 nncssnnsrnznnn,
1264 956 1373 984 Codice
1394 957 1551 985 Daventr.
1571 955 1735 994 descriptO,
1760 962 1808 994 et,

135 1011 202 1041 huic
226 1010 413 1048 descriptioni
432 1009 597 1041 subiunctis
610 1035 619 1049 ,
643 1011 916 1042 observationibus
941 1014 978 1042 de
1009 1015 1099 1042 JJiss.
1119 1024 1250 1043 Knxmc.
1267 1017 1370 1053 priore
1390 1016 1538 1055 (iS'ylloge
1562 1017 1675 1045 Comm.
1694 1025 1723 1045 et
1748 1018 1808 1046 Ob-

134 1083 233 1100 seruv.
249 1072 329 1111 phil.
352 1082 437 1110 exeg.
455 1077 483 1100 et
505 1073 574 1100 crit.
594 1069 676 1100 Trai.
708 1073 785 1110 1762
805 1074 840 1101 80
861 1081 890 1109 p.
914 1071 1104 1112 207—423).
1124 1071 1164 1103 cf.
1186 1085 1355 1104 wummr.
1380 1076 1487 1104 Sclzets
1508 1074 1527 1104 l.
1549 1074 1568 1104 l.
1587 1085 1614 1112 p.
1634 1086 1804 1115 207—209.

174 1129 208 1160 P.
232 1142 261 1170 9.
284 1128 334 1159 lin.
358 1137 396 1165 24
418 1136 484 1159 tum
506 1132 586 1159 alios
609 1133 705 1160 etiam
726 1150 763 1155 —
785 1134 896 1160 merita
918 1134 1067 1173 insignia.
1112 1132 1243 1170 Quinam
1277 1134 1376 1164 seculo
1395 1134 1544 1173 superiore
1565 1139 1593 1165 et
1617 1136 1809 1166 Grammati-

136 1203 190 1220 cae
233 1193 262 1219 et
296 1191 565 1229 Lexicograplziae
597 1193 660 1228 post
690 1202 721 1219 A.
753 1199 993 1222 senummsxmr
1026 1202 1146 1230 operam
1176 1192 1334 1232 dederint,
1372 1194 1556 1224 enumeravit
1591 1206 1614 1224 1.
1647 1206 1805 1225 wamma·

133 1251 258 1290 (Sclzets
293 1249 312 1279 l.
335 1248 355 1279 l.
386 1259 414 1287 p.
452 1252 508 1280 155
541 1251 656 1289 seqq.)‚
691 1250 896 1289 plerorumque
926 1250 1032 1281 merita
1062 1251 1163 1290 paucis
1194 1252 1384 1283 adumbrans.
1426 1252 1577 1283 Nonnulla
1608 1253 1697 1284 etiam
1729 1265 1809 1285 com-

132 1309 305 1341 memoravit
338 1308 457 1348 Opera,
486 1319 610 1348 quorum
634 1320 702 1348 pars
734 1309 820 1340 modo
852 1310 882 1341 in
906 1311 1001 1341 lucem
1025 1311 1149 1349 prodiit,
1184 1321 1317 1350 quaeque
1347 1317 1522 1351 propterea,
1556 1317 1589 1343 ut
1619 1313 1677 1344 alia
1698 1313 1808 1351 etiam,

135 1370 209 1400 alias
240 1370 277 1400 ob
307 1380 432 1409 causas,
463 1369 501 1400 ad
530 1369 704 1400 Exterorum
738 1370 873 1401 notitiam
900 1370 947 1401 vix
978 1375 1188 1408 pervenerunt.
1231 1370 1265 1401 In
1289 1371 1335 1402 his
1356 1372 1473 1410 multa,
1495 1382 1570 1410 quae
1590 1385 1621 1403 E.
1644 1385 1805 1404 scummus

132 1430 313 1469 conscripsit.
356 1432 508 1468 Primae,
543 1440 572 1460 v.
594 1440 640 1469 e.,
675 1432 776 1460 lineae
809 1431 1047 1460 Institutionum
1069 1433 1114 1460 ad
1124 1432 1343 1469 fundamenta
1366 1433 1494 1462 dialecti
1514 1433 1686 1463 Arabicae.
1729 1432 1807 1463 Har·

135 1491 235 1522 derov.
257 1501 356 1531 1779,
378 1495 444 1528 4t0‚
472 1495 502 1522 et
524 1492 689 1521 Elementa
715 1492 899 1530 Hebraico,
930 1500 1054 1529 quorum
1078 1501 1117 1529 72
1140 1490 1268 1529 paginae
1291 1490 1398 1521 ibidem
1422 1490 1498 1529 typis
1516 1490 1634 1529 quidem
1656 1501 1808 1530 expressae

134 1554 221 1589 sunt,
243 1560 406 1589 numquam
425 1559 494 1580 vero
515 1549 624 1580 editae.

174 1609 221 1640 De
254 1621 317 1641 mc.
347 1620 422 1641 θυι.
450 1621 645 1640 scrmonntno
680 1609 793 1648 egregie
824 1608 939 1640 monuit
970 1602 1089 1647 praeter
1125 1608 1171 1639 Cl.
1200 1621 1354 1639 nommant
1383 1611 1524 1640 Gramm.
1550 1613 1648 1640 Helm
1669 1610 1699 1641 in
1716 1611 1809 1649 praef.

135 1680 162 1707 p·
182 1669 270 1708 VIII,
299 1682 330 1700 ιι.
358 1682 389 1700 Α.
417 1681 550 1700 εοΗυιτ.
580 1669 610 1699 in
632 1668 739 1708 Orat„
760 1679 818 1708 qua
840 1679 947 1699 munus
966 1679 1051 1699 snum
1075 1667 1110 1698 L.
1124 1667 1160 1698 Β.
1181 1680 1258 1710 1779
1279 1668 1447 1707 auspicatus
1469 1674 1528 1708 est,
1552 1672 1590 1699 cle
1611 1672 1713 1699 studio
1732 1673 1807 1700 Bel-

132 1743 247 1770 garum
269 1733 301 1760 in
329 1733 444 1761 Liten's
467 1731 617 1760 Arabicis
639 1730 834 1767 excolendis,
857 1740 1015 1760 W1L1Atm·
1037 1727 1066 1758 in
1095 1728 1181 1758 Orat.
1200 1730 1238 1758 de
1262 1731 1425 1759 recinenda
1449 1732 1582 1770 antiqua
1606 1732 1803 1760 Batamrzcm

136 1793 168 1819 in
202 1792 279 1820 Lite.
314 1792 349 1819 Ο.
383 1793 420 1819 ().
448 1792 565 1829 gloria.
595 1789 691 1819 Amst.
726 1792 821 1824 1805,
850 1799 877 1826 p.
911 1792 949 1819 15
970 1792 999 1817 et
1022 1796 1059 1823 41
1080 1797 1159 1826 seqq.
1203 1787 1235 1817 In
1259 1788 1358 1826 primis
1382 1798 1450 1818 vero
1468 1790 1802 1819 1{.MUN1'1NG111118i11

135 1849 218 1879 Orat.
249 1853 282 1879 ἰη
315 1851 469 1878 Natalem
491 1850 734 1878 ducentesimam
759 1849 864 1877 Acad.
892 1849 988 1876 Gron.
1010 1849 1057 1886 (in
1078 1849 1170 1876 Actis
1199 1849 1398 1877 secularibus
1421 1849 1514 1877 Gron.
1536 1848 1628 1884 1814)
1643 1871 1651 1885 ,
1673 1858 1702 1886 p.
1718 1853 1756 1880 55
1776 1855 1803 1879 el

817 1908 835 1921 ’'
859 1905 952 1944 inquit
980 1915 1008 1944 p.
1035 1910 1090 1936 125
1111 1915 1190 1945 seq.,
1213 1906 1332 1936 »bonae
1353 1906 1602 1944 interpretationis
1626 1912 1694 1938 nota
1708 1933 1716 1947 ,
1736 1909 1803 1939 uni-

135 1909 163 1938 in
192 1912 292 1938 annot.
321 1918 349 1946 p.
387 1910 551 1938 122—128.
593 1905 814 1944 nsimplicitas‚

137 1979 150 1997 n
162 1977 260 1999 versas
290 1968 351 1998 eius
382 1966 496 1997 Codicis
528 1965 633 2003 Sacri,
669 1965 759 1996 etiam
792 1965 1028 1996 difficillimorum
1054 1966 1204 2003 locorum,
1228 1965 1420 2004 expositiones
1442 1966 1669 1997 commendabat
1692 1968 1804 1999 eximie.

136 2038 148 2057 ι)
161 2026 193 2057 ln
225 2027 293 2058 locis
319 2027 354 2058 V.
378 2027 431 2066 F.‚
462 2027 509 2057 vel
531 2026 743 2064 emendandis,
769 2026 814 2056 vel
831 2026 868 2056 ab
890 2026 1057 2065 importuna
1078 2026 1201 2057 aliorum
1223 2026 1288 2057 crisi
1308 2026 1509 2065 vindicandis,
1533 2027 1709 2059 acerrimam
1728 2028 1803 2059 iudi-

137 2087 198 2118 »eii
228 2087 287 2118 vim
316 2098 384 2118 cum
410 2086 551 2126 singulari
585 2085 741 2124 prudentia
771 2096 805 2116 ac
833 2085 975 2117 modestia
1009 2087 1050 2117 ita
1085 2087 1300 2126 coniungebat,
1331 2092 1384 2126 ut,
1415 2087 1439 2119 si
1463 2088 1528 2129 quis
1559 2089 1654 2128 alius,
1679 2089 1802 2128 perfecti

138 2147 261 2178 uCritici
294 2147 378 2178 titulo
409 2151 437 2177 et
469 2146 579 2176 honore
608 2145 695 2176 fuerit
718 2145 910 2185 dignissimus.
952 2146 1061 2177 Similis
1083 2147 1143 2178 eius
1166 2146 1221 2177 fuit
1243 2147 1273 2177 in
1297 2147 1429 2178 dialectis
1451 2148 1487 2178 Ο.
1509 2148 1547 2179 Ο.
1569 2149 1674 2180 ceteris
1695 2149 1802 2180 docen-

137 2205 226 2244 ndis,
261 2210 290 2237 et
313 2216 380 2237 cum
403 2205 529 2237 dialecto
551 2205 689 2236 Hebraea
710 2204 894 2236 conferendis
916 2205 1104 2237 dexteritas.’'
1128 2224 1166 2230 -
1190 2207 1271 2238 Haec
1294 2217 1381 2246 quam
1403 2217 1474 2239 vera
1497 2208 1574 2247 sint,
1609 2209 1728 2247 quisque
1750 2220 1800 2239 no-

136 2265 199 2305 vit,
231 2266 279 2305 qui
311 2265 543 2297 Commentarios
574 2265 635 2296 eius
668 2265 698 2296 in
721 2264 830 2304 pent„
858 2277 869 2297 1
895 2265 997 2305 Sam.‚
1020 2265 1173 2305 Psalmos,
1196 2277 1354 2306 omnesque
1376 2267 1591 2306 Prophetarum
1614 2268 1702 2299 libros
1725 2269 1804 2308 lege-

140 2325 198 2363 rit,
231 2324 353 2357 inedilos
382 2325 521 2365 quidem,
556 2329 586 2356 at
619 2335 696 2357 anno
730 2328 808 2362 1834
842 2335 876 2358 ex
908 2326 1075 2358 venditione
1107 2329 1238 2359 alterius
1266 2332 1373 2369 partis
1407 2330 1491 2360 Bibl.
1518 2330 1801 2367 Sclzroederianae,
