2196 2950
734 164 1182 198 ORATIO.
1765 161 1808 198 17

161 278 348 311 Neminem
384 277 482 318 sore,
518 275 732 309 Auditores!
769 276 930 319 confido,
965 278 1078 321 quin,
1125 278 1317 322 Operum,
1356 289 1447 321 quac
1478 278 1650 310 hactenus
1675 289 1801 311 recen-

113 347 189 387 sui,
241 344 398 387 catalogo
446 341 695 386 perlustrato,
741 340 874 374 Virum
924 342 1100 384 miretur,
1136 342 1232 374 intra
1270 347 1342 374 tam
1383 355 1583 386 paucorum
1621 355 1799 376 annorum

112 410 341 443 intervallum
388 413 488 439 tanta
526 407 657 450 ingenii
691 406 947 450 doctrinaeque
984 411 1215 438 monumenta
1251 406 1317 438 sibi
1353 408 1589 451 condentem,
1627 414 1800 453 tantaque

113 476 335 516 molientem,
386 478 428 506 ut
474 474 503 505 si
531 473 650 505 omnia
687 484 758 504 non
789 472 892 504 modo
927 472 1073 505 futurae
1110 471 1255 504 editioni
1292 483 1447 516 parare,
1484 473 1544 505 scd
1580 474 1684 507 edere
1720 476 1797 519 ipse

111 541 308 585 potuisset,
345 550 422 572 eam
456 538 587 571 samam
627 538 693 570 sibi
737 538 973 581 vindicasset,
1022 549 1113 581 quae
1146 538 1240 570 inter
1279 538 1404 582 plures
1433 537 1542 571 Viros
1578 539 1711 581 divisa,
1745 540 1797 572 his

111 605 258 648 singulis
298 616 461 648 magnam
493 604 643 648 gloriam
676 604 912 636 conciliasset.
965 603 1097 636 Virum
1129 604 1215 636 haec
1255 609 1499 648 praestantem
1534 616 1574 636 ac
1609 610 1798 649 praeterea

111 669 310 715 Discipulis
343 671 528 703 edocendis
567 671 904 714 occupatissimum,
944 681 984 702 ac
1017 670 1180 702 Scholam
1218 670 1451 713 condentem,
1493 670 1538 703 O.
1568 670 1613 704 O.
1651 670 1798 703 Litera—

109 747 190 768 rum
232 736 361 768 ardore
407 735 642 779 flagrantem,
682 748 801 768 nonne
846 736 973 768 merito
1017 735 1138 778 dicas,
1176 736 1301 768 huicce
1336 736 1461 768 Studio
1495 737 1623 769 eximie
1662 748 1797 769 consu-

107 801 237 843 luisse,
275 801 383 844 idque
425 800 492 833 hoc
530 800 689 833 Auctore
726 802 760 833 in
798 799 922 833 Patria
951 799 1075 834 nostra
1111 802 1317 835 revixisse?
1369 801 1509 834 Verum
1542 801 1610 833 alio
1646 802 1796 846 insuper

108 867 212 898 modo
241 866 283 898 (le
318 865 451 899 Literis
480 867 549 899 illis
574 867 723 899 meritus
748 873 833 899 est.·
867 867 1021 899 Harum
1047 867 1282 899 colendarum
1310 868 1488 899 rationem
1513 878 1653 911 quoque
1674 879 1797 899 emen-

104 932 217 964 davit.
279 929 446 974 Namque
485 930 630 963 Literac
668 936 709 963 ut
735 931 912 973 floreant,
954 932 1228 976 plurimumque
1255 932 1367 965 exiis
1393 933 1558 965 utilitatis
1592 933 1794 974 redundet,

104 1009 228 1030 earum
264 997 495 1029 colendarum
525 997 617 1029 ratio
650 997 746 1029 iusta
779 998 825 1029 sit
857 997 1096 1041 omnibusque
1132 998 1294 1030 numeris
1331 998 1515 1043 perfecta,
1548 1010 1693 1031 necesse
1726 1004 1792 1031 est.

103 1063 203 1096 Haec
251 1075 337 1097 vero
372 1068 412 1095 ut
445 1074 517 1094 non
557 1063 726 1095 continuo
768 1068 896 1107 patet,
933 1063 984 1095 ita
1010 1064 1116 1095 ctiam
1155 1064 1191 1096 iu
1229 1065 1424 1097 tractandis
1461 1064 1614 1108 Linguis
1654 1065 1700 1097 O.
1742 1064 1789 1097 O.

102 1129 208 1161 huius
245 1127 454 1172 disciplinae
490 1128 736 1160 conditoribus
775 1129 896 1160 statim
938 1140 1010 1160 non
1040 1134 1231 1173 perspecta
1262 1130 1345 1161 suit.
1408 1130 1663 1173 Progrediente
1699 1135 1793 1162 tem—

101 1206 189 1239 pore
221 1195 301 1238 ipsa
335 1204 411 1225 sese
451 1193 635 1237 explicans
667 1193 819 1225 sormam
854 1194 971 1225 induit
1007 1194 1045 1225 in
1082 1194 1156 1226 dics
1185 1195 1381 1227 meliorem.
1447 1195 1671 1229 Proavorum
1708 1207 1791 1240 ergo

100 1259 286 1292 conamina
322 1259 446 1302 aequis
493 1258 659 1290 laudibus
706 1257 869 1290 efferenti
919 1258 1082 1301 ipsorum
1130 1271 1272 1291 errores
1319 1272 1391 1292 non
1435 1266 1521 1293 sunt
1557 1262 1792 1305 praetermit-

101 1325 221 1367 tendi,
259 1335 378 1367 neque
422 1323 580 1366 vestigiis
629 1334 756 1355 eorum
796 1321 1063 1354 subsistendum
1107 1329 1172 1356 cst.
1238 1323 1350 1357 Pedes
1387 1331 1684 1369 promoveantur.
1748 1326 1789 1359 In

96 1392 225 1424 itinere
274 1389 427 1422 ulterius
473 1394 660 1434 pergatur.
734 1388 992 1421 Emendatiora
1042 1390 1290 1433 recipiantur,
1344 1390 1581 1436 perficiantur
1630 1394 1788 1426 nondum

101 1456 273 1501 perfecta.

149 1524 369 1566 Quicunque
409 1520 528 1554 seculo
566 1521 754 1565 superiore
792 1520 925 1553 Literis
961 1519 1123 1554 Arabicis
1161 1534 1309 1567 operam
1340 1524 1529 1567 navarint,
1560 1537 1681 1559 omnes
1711 1527 1786 1560 fere

97 1588 217 1620 l'o'e'tis
262 1587 443 1631 legendis,
485 1587 560 1620 sive
599 1587 704 1618 etiam
753 1586 896 1618 edendis
947 1586 1113 1619 delectati
1158 1594 1255 1620 sunt.
1308 1588 1376 1621 His
1419 1595 1538 1622 tamen
1574 1590 1783 1634 laboribus,

98 1664 253 1696 quorum
293 1652 454 1695 quamvis
493 1651 598 1683 multi
632 1662 758 1694 magna
794 1651 978 1694 diligentia
1014 1663 1120 1696 saepe
1156 1653 1367 1698 conspicui,
1405 1666 1526 1687 omnes
1563 1668 1649 1690 vero
1688 1658 1784 1691 vitiis

98 1718 327 1750 contaminati
366 1718 462 1759 sint,
506 1716 562 1749 illi
597 1728 684 1750 aevo
721 1716 845 1759 facile,
885 1721 1008 1748 nostro
1044 1719 1190 1751 minime
1215 1720 1464 1763 ignoscendis,
1492 1727 1577 1754 nota
1612 1724 1667 1756 sui
1692 1729 1786 1756 tem-

98 1784 194 1826 poris
234 1783 354 1815 inusta
392 1788 457 1815 est.
511 1782 674 1814 Primum
710 1784 827 1814 Iocum
862 1787 979 1815 teneat
1016 1781 1138 1815 Matri
1175 1785 1372 1829 neglectas.
1426 1786 1604 1820 szmcus
1641 1789 1782 1831 quidem

98 1848 210 1880 medio
258 1849 400 1880 circiter
439 1848 559 1879 seculo
600 1848 750 1891 septimo
786 1847 921 1880 decimo
954 1847 1020 1880 hoc
1053 1849 1123 1881 iam
1150 1850 1372 1894 tradiderat,
1405 1852 1465 1884 sed
1496 1857 1568 1884 tam
1605 1852 1779 1896 obscure,

97 1920 169 1945 tam
203 1913 394 1956 impedite,
424 1918 496 1944 tam
523 1924 674 1956 aspere,
705 1918 745 1944 ut
770 1913 945 1956 perpauci
984 1914 1059 1946 eius
1097 1913 1250 1947 Librum
1281 1916 1421 1959 legere,
1461 1928 1564 1949 nemo
1590 1919 1650 1952 vix
1672 1920 1783 1952 intel—

96 1978 205 2022 ligere
249 1983 284 2010 et
328 1978 361 2009 in
405 1989 488 2009 suos
529 1989 617 2010 usus
650 1983 861 2012 convertere
897 1983 1030 2021 posset.
1094 1977 1250 2011 Meliora
1281 1991 1364 2025 ergo
1398 1982 1680 2026 requirebantur
1713 1997 1782 2018 au-

96 2044 202 2086 xilia,
248 2043 373 2075 deinde
415 2043 558 2075 demum
596 2043 715 2076 allata.
777 2042 920 2087 Integro
963 2043 1056 2075 enim
1087 2049 1169 2088 post
1207 2056 1289 2077 euin
1330 2047 1449 2079 seculo
1488 2059 1693 2082 euml-:Litus
1722 2062 1781 2083 10-

97 2120 218 2141 Nsssms
259 2108 421 2141 Metrum
470 2107 664 2140 Arabicum
704 2108 872 2152 exposuit
898 2107 1121 2141 Graecorum
1148 2110 1348 2145 rationibus
1374 2115 1648 2148 accommodate.
1700 2115 1781 2149 Alia

97 2175 172 2207 aliis
209 2180 351 2207 servata
384 2179 499 2206 erant.
565 2174 753 2218 Expositio
778 2173 974 2217 Empirica
998 2185 1203 2209 FREYTAGIO
1230 2182 1266 2209 et·
1290 2187 1422 2221 sACYo,
1451 2191 1607 2224 quorum
1633 2181 1693 2214 ille
1719 2193 1781 2214 co—

95 2240 220 2282 piose,
259 2239 314 2272 hic
350 2239 557 2273 brevissime
593 2239 683 2271 hanc
716 2239 924 2284 descripsit3
964 2250 1120 2273 EWALDO
1160 2253 1245 2275 vero
1275 2243 1510 2288 philosopha.
1577 2246 1647 2278 Hic
1683 2247 1777 2279 enim

96 2314 167 2335 non
200 2305 283 2337 satis
317 2305 450 2338 habens
482 2303 643 2338 Arabum
679 2304 721 2337 de
748 2305 814 2337 hoc
848 2304 925 2337 loco
964 2304 1071 2338 effata
1101 2307 1195 2340 iusto
1216 2313 1251 2340 et
1276 2308 1394 2343 lu‘cido
1421 2311 1570 2354 ordine,
1606 2318 1646 2345 ut
1667 2323 1778 2356 prae—

95 2369 180 2410 clari
222 2368 273 2401 illi
307 2369 530 2416 Duumviri,
571 2370 809 2414 disposuisse,
853 2371 888 2403 in
933 2371 1116 2404 anomaliis
1153 2374 1329 2416 quaesivit
1365 2376 1586 2421 analogiam,
1623 2383 1657 2410 et
1687 2390 1776 2412 cau-

1519 2442 1541 2476 3

1829 2270 1842 2284 Δ
