2196 2950
279 181 326 217 74
769 177 1474 213 ANNOTATIO.

287 293 376 324 etiam
410 292 445 323 de
468 303 500 322 N.
525 303 554 321 o.
577 300 770 321 sennonmmo
793 290 942 331 vidimus,
976 291 1113 322 Persicas
1134 289 1335 331 Turcicasque
1352 292 1472 323 'Literas
1494 292 1605 331 pariter
1628 292 1717 332 atque
1738 293 1972 326 Semiticas‘cw

290 354 379 383 lente.
412 370 448 377 --
483 351 552 382 ltlas
583 361 653 382 vero
687 351 800 390 linguas
831 352 979 384 Asiaticas
1004 363 1063 383 non
1085 352 1158 382 adeo
1179 352 1353 383 tractabant
1371 352 1459 391 olim,
1492 357 1526 383 ut
1548 353 1651 384 exinde
1668 357 1868 393 generalem,
1893 364 1970 393 quae

289 414 414 450 dicitur,
442 415 624 452 linguarum
654 413 903 443 Grammaticam
933 418 1134 450 exornarent,
1167 411 1219 442 sed
1251 413 1381 451 partim,
1413 417 1442 443 et
1473 412 1590 452 quidem
1624 414 1777 452 plerique,
1803 419 1837 444 ut
1859 414 1967 447 harum

287 472 418 511 gentium
451 471 558 502 Literis
586 481 704 510 operam
738 471 859 509 darent3
878 473 1015 511 partim,
1046 477 1079 502 ut
1109 471 1237 511 quadam
1264 482 1367 502 earum
1390 472 1496 502 notitia
1528 473 1686 512 instructi,
1719 479 1749 504 et
1779 479 1969 511 mercaturae

285 537 314 562 ct
344 530 493 570 religionis
514 530 702 562 Christianae
723 541 831 561 causae
849 533 879 561 in
896 532 1022 562 ¹Oriente
1042 531 1254 570 prospicerent.
1296 531 1365 567 Hocv
1382 531 1537 562 consilium
1564 533 1654 563 etiam
1668 533 1700 563 111
1722 533 1826 573 linguis
1853 534 1969 575 Singa-

288 596 372 630 lica,
402 594 587 629 Tamulica,
620 593 850 628 Malabarica,
873 593 1032 630 praecipue
1054 593 1224 628 Μαίαἰοα,
1248 590 1383 621 colendis
1399 591 1610 631 conspicuum,
1643 597 1746 631 aperte
1775 593 1960 632 cognoscitur

286 661 320 681 ex
343 651 490 689 Operibus
512 649 596 680 editis
610 674 618 688 ,
642 660 766 688 quorum
786 650 891 681 seriem
912 650 1043 681 exhibuit
1066 662 1192 681 wama.
1213 650 1233 680 l.
1254 649 1273 680 1.
1294 660 1321 688 p.
1344 655 1520 682 noo—202.

327 710 362 740 P·
386 712 436 742 36.
457 710 509 740 lin.
535 713 582 740 18.
628 713 736 740 Huius
768 718 874 740 autem
913 712 1018 740 Stadii
1053 728 1091 734 —
1119 720 1137 748 p
1174 714 1225 750 37.
1257 710 1309 740 lin.
1330 714 1360 740 8.
1391 714 1541 741 memoria
1568 721 1713 742 servatur
1734 713 1819 744 Vidd.
1843 724 1969 744 EAMAK.

283 773 444 800 Akadem.
466 772 710 810 Voorlezingen,
734 780 765 808 p.
788 781 806 800 2
829 774 858 800 et
883 774 900 801 3
922 775 953 800 et
976 774 1071 800 totum
1093 780 1207 810 argum.
1229 769 1315 800 Orat.
1336 770 1444 809 prim.‚
1468 771 1664 810 praesertim,
1689 783 1718 810 p.
1744 784 1876 811 17—22.

317 830 351 860 P.
375 833 424 861 38.
447 830 499 860 lin.
524 840 572 871 17.
591 834 625 860 in
660 832 806 860 Oratione
833 848 870 854 —-
904 834 942 859 de
975 832 1139 860 Ferdusio.
1183 829 1297 860 Inserta
1330 833 1372 860 est
1396 829 1510 868 Operi,
1542 830 1588 860 cui
1611 830 1715 861 titulus
1736 836 1779 862 est
1801 835 1966 873 Magazy'n

286 903 357 921 soor
388 893 551 920 wetensclr.
583 892 685 920 kunst.
714 903 752 920 en
784 893 849 921 leth.
883 892 1062 921 verzameld
1083 893 1157 920 door
1180 902 1212 920 N.
1235 902 1265 920 e.
1289 901 1355 920 VAN
1378 901 1515 921 KAMPEN
1529 914 1538 929 ,
1563 890 1601 921 IV
1624 891 1683 922 vol.
1701 896 1780 930 part.
1802 903 1832 929 2p
1874 892 1975 928 Amst,

293 955 390 990 1825,
415 961 443 989 p.
469 960 528 992 249
552 960 633 989 seqq.

328 1011 363 1040 P.
386 1014 437 1042 38.
459 1011 511 1040 lin.
532 1020 562 1046 4.
584 1021 601 1040 a
624 1010 673 1040 fin.
720 1014 925 1051 Quamquam·
952 1014 1008 1041 hoc
1037 1024 1075 1041 ex
1107 1015 1180 1042 aliis·
1215 1028 1252 1036 —
1279 1015 1464 1051 auspicante
1485 1018 1564 1041 'esca'
1593 1011 1697 1041 Oratio
1725 1013 1765 1041 de·
1789 1014 1961 1042 Sacontala

287 1075 381 1101 exstat
409 1071 439 1101 in
470 1070 589 1109 Opere,
621 1071 668 1101 cui
700 1071 803 1102 titulus
830 1077 873 1102 est
906 1074 1107 1112 BInemosyne
1138 1071 1184 1101 ed.
1213 1081 1229 1101 a
1257 1070 1333 1102 Viris
1366 1070 1411 1101 (31.
1433 1083 1466 1100 11.
1490 1082 1532 1101 w.
1549 1078 1715 1101 ,1101111111
1741 1075 1771 1102 et
1794 1083 1825 1101 N.
1847 1084 1879 1101 o.
1900 1084 1965 1102 nn

290 1144 444 1170 murm,
478 1131 543 1162 Vol.
575 1131 618 1170 tl,
654 1132 703 1170 qui
735 1136 779 1162 est
807 1131 879 1162 fasc.
913 1142 962 1163 12.
982 1131 1090 1163 Dordr.
1116 1133 1194 1162 1823
1211 1154 1220 1169 ‚
1245 1141 1274 1169 p.
1296 1134 1356 1161 213
1374 1140 1455 1169 seqq.
1499 1129 1604 1161 Oratio
1626 1130 1662 1160 de
1687 1132 1770 1160 Gall.
1790 1132 1911 1162 Ion'esio
1932 1132 1964 1162 in

285 1194 372 1221 Arm.
390 1193 495 1222 Acad.
516 1191 551 1222 L.
573 1191 608 1222 B.
636 1195 855 1223 1822—1823.

331 1251 365 1281 P.
388 1255 438 1291 39.
460 1251 511 1281 lin.
532 1260 561 1287 4.
584 1261 601 1281 a
624 1250 675 1282 fin.
722 1254 810 1289 Quae
840 1255 1055 1282 convenientia
1086 1256 1115 1282 si
1135 1255 1193 1282 cet.
1237 1251 1302 1282 Hoc
1324 1251 1386 1282 toco
1410 1250 1445 1281 de
1466 1250 1500 1281 iis
1517 1250 1632 1281 locutus
1653 1253 1742 1287 Sum,
1762 1254 1837 1289 quae
1855 1251 1916 1290 ipse
1932 1261 1969 1282 ex

288 1322 462 1341 1111113330
497 1320 530 1340 eo
563 1314 694 1349 tempore
726 1311 833 1341 audivi.
878 1311 923 1341 De
956 1322 1032 1342 nexu
1064 1312 1230 1351 linguarum
1269 1310 1622 1342 Indo-Germanicarum
1653 1321 1742 1349 quam
1775 1315 1858 1342 necte
1889 1311 1966 1341 iudi-

285 1370 398 1401 caverit
418 1380 497 1401 anno
519 1373 596 1401 1825
612 1394 620 1409 ‚
642 1370 777 1402 novimus
798 1380 832 1401 ex
854 1373 939 1402 Bibl.
958 1374 1035 1402 Crit.
1058 1375 1141 1403 Nov.
1163 1371 1195 1411 I,
1215 1383 1246 1411 p.
1272 1376 1329 1413 173
1349 1381 1429 1410 seqq.

332 1430 367 1460 P.
388 1439 439 1466 40.
462 1430 515 1461 1111.
542 1434 570 1462 3.
613 1434 786 1461 Homerum
813 1444 840 1461 ν.
867 1445 893 1461 c.
913 1434 1069 1462 dilexerat
1089 1437 1149 1464 cet.
1192 1433 1279 1464 Vidd.
1301 1442 1377 1473 quae
1399 1432 1539 1462 annotavi
1562 1431 1601 1462 ad
1622 1442 1651 1470 p.
1678 1436 1723 1463 18.
1745 1433 1796 1462 lin.
1815 1445 1845 1472 9.
1865 1443 1883 1462 a
1902 1432 1970 1463 fine.

287 1489 331 1519 De
364 1489 452 1520 rebus
487 1493 693 1521 Troianorum
723 1491 797 1529 legg.
830 1493 939 1522 Akad.
975 1495 1103 1523 voorlez.
1138 1504 1166 1532 p.
1189 1497 1228 1532 3,
1251 1503 1291 1531 4,
1315 1502 1372 1534 219
1399 1501 1482 1531 seqq.
1536 1491 1581 1521 De
1604 1493 1761 1522 vocabulis
1785 1493 1968 1522 Graecisea

288 1552 413 1579 Latinis
436 1552 577 1579 obsoletis
593 1554 652 1580 cet.
675 1550 696 1580 l.
720 1550 740 1580 l.
759 1550 877 1587 passim.

331 1608 365 1638 P.
388 1609 504 1644 4o.lin.
530 1621 578 1650 19.
626 1612 672 1639 Ab
703 1613 878 1640 istiusmodi
912 1614 1037 1652 ineptiis
1066 1617 1123 1642 cet.
1168 1611 1276 1651 Magna
1304 1612 1335 1642 in
1367 1612 1472 1651 tinguis
1509 1612 1584 1642 bene
1608 1611 1815 1650 comparandis
1834 1613 1970 1642 cautione

287 1678 358 1705 opus
390 1678 472 1706 esse,
514 1681 642 1699 usum.
670 1670 730 1699 iam
762 1674 919 1700 monuerat
950 1670 979 1699 in
1013 1673 1097 1700 Bibl.
1132 1674 1209 1701 Crit.
1241 1675 1322 1701 Nou.
1352 1672 1385 1709 1,
1415 1674 1470 1701 168
1495 1681 1577 1709 seqq.
1625 1671 1723 1701 Firmo
1749 1671 1967 1702 Grammaticos

287 1727 479 1758 fundamento
512 1728 588 1758 hanc
623 1729 875 1767 comparationem
911 1730 1172 1768 superstruendam
1205 1740 1266 1761 esse
1298 1730 1395 1760 docuit
1417 1741 1445 1768 p.
1472 1734 1528 1760 180
1556 1740 1636 1768 seqq.
1689 1729 1774 1768 Qnae
1795 1731 1965 1769 ceteroquin

289 1787 318 1817 11.
353 1788 371 1817 1.
401 1788 555 1818 observavi
587 1788 622 1818 de
653 1801 825 1819 assuimur
861 1790 980 1820 consilio
1005 1794 1034 1820 et
1065 1791 1180 1821 ratione
1218 1791 1304 1821 huius
1338 1790 1517 1829 Disciplinae
1550 1790 1734 1830 tradendae,
1769 1803 1965 1822 mmmmm.

290 1848 349 1885 ipse
370 1847 500 1886 exposuit
522 1848 552 1878 in
573 1851 680 1878 Akad.
704 1852 870 1887 Voorcez„
904 1860 971 1880 cnm
996 1850 1025 1881 in
1046 1850 1140 1889 praef.
1161 1855 1222 1881 tum
1243 1851 1270 1880 in
1290 1850 1375 1880 initio
1391 1850 1478 1880 Orat.
1500 1850 1622 1889 primae.

333 1907 368 1938 P.
387 1917 437 1943 40.
459 1908 512 1938 lin.
535 1919 583 1939 22.
629 1911 818 1939 Doctrinam
845 1911 882 1939 de
916 1913 1017 1940 literis
1032 1918 1034 1920 ’
1050 1913 1138 1951 affini
1164 1922 1236 1940 sono
1266 1914 1324 1940 cet.
1368 1909 1470 1948 Hiec,
1504 1919 1616 1948 eaque,
1638 1919 1713 1948 quae
1734 1910 1822 1948 paulo
1841 1915 1910 1940 ante
1934 1916 1962 1942 et

295 1978 322 2004 p.
354 1975 391 2003 41
429 1967 508 2006 dixi,
539 1968 701 2007 scribenti,
735 1969 771 2000 ob
804 1969 905 2000 oculos
936 1970 1008 2000 mihi
1042 1971 1236 2009 versabatur,
1272 1981 1360 2009 quam
1394 1980 1490 2009 nuper
1513 1970 1663 2010 legeram,
1693 1983 1804 2001 rorru
1830 1974 1970 2002 Censura

291 2028 427 2064 postremi
448 2040 621 2058 11Α11ΛΚ15111
645 2029 751 2068 Operis
774 2030 897 2071 (AL-acl.
914 2031 1067 2069 Voorlez.)
1082 2055 1089 2068 ‚
1114 2041 1190 2070 quae
1212 2036 1306 2062 exstat
1328 2031 1357 2060 in
1379 2033 1522 2070 Ergrinz.
1540 2033 1629 2061 hldtc.
1651 2044 1706 2061 zur
1721 2034 1859 2072 Allgem.
1878 2035 1968 2063 Ilall.

296 2090 332 2116 L.
363 2090 400 2116 Z.
424 2090 523 2126 2836.
553 2088 608 2119 No.
643 2100 654 2118 1
689 2093 717 2119 et
750 2100 778 2120 2.
822 2090 966 2128 Quamvis
1000 2090 1135 2129 equidem
1163 2091 1240 2121 inter
1269 2096 1368 2122 tantos
1388 2091 1471 2123 Viros
1492 2090 1545 2121 tali
1566 2091 1596 2121 111
1619 2101 1710 2122 causa
1734 2091 1819 2121 iudex
1839 2101 1900 2123 esse
1915 2101 1969 2122 nec

293 2146 417 2185 possim,
453 2157 506 2178 nec
544 2148 652 2186 velim,
683 2149 777 2187 pietas
792 2173 802 2188 ,
831 2162 1012 2181 nmmxsno
1037 2151 1105 2182 vivo
1127 2155 1156 2181 et
1178 2156 1294 2182 mortuo
1316 2151 1437 2190 dehita,
1475 2152 1536 2181 alto
1557 2151 1672 2182 silentio
1693 2151 1770 2182 haec
1786 2152 1971 2191 praetermit-

293 2212 353 2236 tere
387 2216 445 2236 non
477 2207 557 2237 sinit.
602 2207 675 2238 Fore
708 2213 740 2239 ut
776 2209 838 2240 eius
865 2208 1030 2242 Orationes
1052 2210 1159 2241 iudicio
1189 2211 1406 2242 subiicerentur
1428 2211 1510 2250 Viri,
1532 2211 1637 2242 harum
1662 2221 1759 2242 rerum
1783 2211 1969 2250 peritissimi,

293 2276 391 2297 omnes
414 2266 476 2297 eius
497 2267 594 2297 Amici
617 2274 828 2309 speraverant,
854 2275 884 2301 at
906 2271 991 2301 simul
1013 2271 1152 2301 iudicium
1173 2275 1400 2310 exoptaverant,
1415 2271 1477 2302 sine
1497 2271 1540 2302 ira
1556 2276 1589 2302 et
1603 2271 1718 2309 studio,
1731 2271 1792 2301 sine
1806 2271 1979 2309 acerbitate!

297 2330 323 2357 ct
342 2326 549 2365 intempestiva
574 2327 666 2358 ironia
685 2328 867 2366 institutum;
888 2330 1049 2370 iudicium,
1077 2330 1151 2369 qnod
1172 2339 1284 2361 errores
1310 2331 1466 2364 indicasset
1486 2331 1573 2362 simut
1598 2336 1629 2361 et
1655 2330 1861 2369 emendasset,
1876 2330 1968 2369 quod-

300 2395 375 2424 que,
397 2387 577 2426 Disciplinae
598 2388 713 2427 quidem
733 2389 888 2420 universae
911 2391 1024 2422 ratione
1045 2391 1165 2430 habita,
1183 2400 1278 2430 neque
1302 2404 1478 2423 tummim
1499 2400 1633 2428 mortuo,
1650 2401 1745 2431 neque
1765 2395 1893 2432 linguae
1918 2404 1969 2422 no-

294 2453 376 2475 strae
408 2447 558 2480 inimicum
596 2447 709 2481 suisset.
758 2448 848 2481 Cuius
880 2451 1090 2489 praestantiam
1121 2456 1150 2483 et
1180 2463 1354 2482 nummu
1381 2453 1409 2483 in
1434 2453 1478 2484 his
1496 2452 1687 2484 Orationibus
1707 2451 1850 2484 habendis
1869 2455 1968 2484 consa·-
