2196 2950
347 177 387 211 1'1
816 178 861 209 T.
924 177 971 209 G.
1039 177 1068 210 Ι.
1134 176 1571 211 IUYNBOLL

345 294 496 335 cimina,
546 300 737 324 mannum
787 291 1043 334 annotatione,
1093 297 1135 324 ut
1166 293 1253 325 haec
1284 292 1412 335 etiam,
1448 293 1655 336 instructa,
1690 303 1762 325 uon
1799 292 1910 338 plura
1946 296 2038 328 edita

343 371 445 400 osse,
481 368 521 390 eo
546 357 656 402 magis
691 362 745 389 est
780 357 998 400 dolendum,
1034 369 1106 401 quo
1145 346 1263 403 pluris
1305 358 1390 390 haec
1423 359 1512 391 trias
1555 359 1775 391 aestimanda
1804 360 1862 392 sit.
1927 359 2041 393 Plura

344 429 462 455 autem
505 423 581 455 sine
635 422 743 455 dubio
780 422 945 456 absoluta
983 423 1160 466 fuissent,
1202 425 1231 457 si
1268 430 1454 467 auctores,
1496 423 1688 457 Academia
1726 424 1876 468 relicta,
1906 425 1951 458 ad
1974 426 2042 458 Sa-

343 500 443 521 crum
481 501 614 522 munus
664 489 870 522 obeundum
914 501 987 521 non
1029 489 1215 522 confestim
1246 490 1390 533 vocati,
1431 490 1547 523 otium
1587 502 1654 535 per
1694 491 1840 535 aliquod
1870 492 2042 535 temporis

343 555 501 600 spatium
532 555 768 598 habuissent,
809 556 846 587 in
875 566 990 598 eoque
1030 554 1195 588 subsidiis
1239 557 1450 589 necessariis
1488 561 1523 588 et
1561 555 1729 600 Magistri
1767 557 1910 590 auxiliis
1949 557 2043 589 libe-

343 633 382 653 re
422 622 476 654 uti
516 622 732 665 potuissent.

390 687 473 720 Alia
519 699 648 729 causa,
691 692 733 719 ut
786 687 890 718 niodo
941 686 1122 729 indicavi,
1171 699 1264 731 quae
1308 698 1540 722 HAMAKERUM
1577 688 1621 722 ab
1652 688 1816 722 Arabicis
1849 691 2043 724 tractandis

347 765 452 798 saepe
503 753 706 795 detinebat,
757 752 917 785 studium
959 757 1064 794 erat,
1107 753 1205 796 quod
1231 754 1384 799 reliquis
1424 755 1530 786 etiam
1566 755 1725 787 dialectis
1762 756 1938 789 Semitieis
1974 757 2046 789 tri-

345 819 488 852 buebat.
542 819 702 852 Tantum
741 824 861 851 autem
893 817 1020 861 abest,
1054 823 1096 850 ut
1131 818 1218 851 haec
1256 820 1460 852 studiorum
1487 820 1687 864 amplitudo
1715 821 1952 865 improbanda
1973 823 2041 864 sit,

344 892 385 919 ut
428 886 640 931 disciplinae
684 885 807 930 potius
836 884 1014 929 optimum
1058 885 1103 917 sit
1137 884 1361 928 subsidium,
1393 897 1465 929 quo
1501 886 1640 930 integer
1671 885 1802 918 harum
1836 885 2046 930 linguarum

344 953 554 998 complexus
603 951 730 984 melius
775 955 1034 995 cognoscatur,
1075 951 1302 995 interiusque
1332 951 1599 995 perspiciatur:
1638 950 1859 994 subsidium,
1896 952 2043 984 unicum

344 1018 531 1063 profecto,
576 1018 672 1062 quod
711 1018 810 1050 ducit
854 1017 898 1050 ad
939 1029 1002 1060 ea,
1049 1029 1141 1061 quae
1186 1018 1223 1049 in
1264 1018 1413 1061 singulis
1456 1017 1616 1050 dialectis
1661 1029 1860 1061 numquam
1903 1024 2044 1051 cetero-

345 1085 432 1128 quin
471 1084 770 1128 explicarentur,
807 1083 910 1116 sacile
954 1083 1096 1116 tandem
1139 1084 1371 1128 expedienda.
1444 1084 1489 1117 Ei
1526 1095 1610 1128 ergo
1661 1084 1813 1128 gratiam
1850 1083 2043 1126 debemus,

344 1152 432 1196 qui,
481 1163 563 1184 cuni
611 1151 870 1193 intellexisset,
918 1162 1026 1194 quam
1071 1151 1218 1194 iniquus
1269 1155 1380 1194 atque
1417 1151 1546 1182 noxius
1597 1150 1642 1183 sit
1683 1149 1926 1182 dialectorum
1975 1161 2043 1182 ne-

342 1217 480 1260 glectus
497 1241 506 1259 ,
544 1228 666 1249 omncs
702 1217 805 1260 illas,
833 1217 972 1261 pariter
998 1223 1108 1261 atque
1135 1216 1324 1249 Arabicam
1351 1221 1386 1248 et
1412 1215 1618 1248 Hebraeam
1644 1215 1810 1248 colendas
1837 1227 1914 1248 esse
1931 1241 1941 1258 ,
1969 1227 2041 1248 non

343 1283 446 1315 inodo
485 1294 608 1315 severe
648 1294 789 1327 semper
832 1283 1039 1324 monuerit,
1080 1283 1142 1315 sed
1183 1283 1291 1315 hocce
1329 1282 1489 1315 studium
1522 1294 1588 1314 suo
1626 1281 1788 1326 exemplo
1813 1282 2041 1314 commenda-

344 1355 447 1392 tum,
481 1349 619 1393 suaque
653 1350 880 1382 institutione
912 1349 1159 1392 inculcatum,
1197 1347 1348 1393 Scriptis
1383 1348 1461 1393 ipse
1496 1348 1570 1380 suis
1607 1348 1850 1381 exornaverit.

394 1415 425 1447 A
466 1415 616 1447 dialecto
664 1415 902 1459 incipiamus,
945 1427 966 1447 a
1007 1415 1193 1459 plerisque
1238 1415 1399 1458 turpiter
1444 1415 1598 1456 omissa,
1641 1425 1685 1446 ex
1718 1425 1812 1458 qua,
1853 1413 2040 1458 diligenter

343 1481 468 1523 culta,
498 1481 643 1525 linguae
683 1482 869 1513 Semitieae
904 1481 1130 1526 permultum
1160 1481 1250 1512 lucis
1291 1480 1457 1524 capient,
1490 1479 1683 1512 dialectum
1710 1479 1871 1524 intelligo
1902 1477 2040 1513 Aethi-

345 1547 499 1589 opicam.
554 1547 622 1579 Cui
645 1558 838 1592 quamnam
865 1558 1013 1590 operam
1047 1546 1234 1579 navavorit
1251 1556 1472 1579 HAMAKERPS
1490 1571 1500 1588 ,
1528 1544 1791 1579 Commentatio
1821 1546 2041 1578 demonstrat

346 1612 389 1644 de
420 1611 635 1655 pluralibus
659 1612 825 1656 fluctis,
863 1613 936 1644 sive
976 1612 1174 1656 anomalis,
1213 1616 1290 1644 tam
1325 1610 1555 1654 „Aethiopum
1591 1623 1703 1656 quam
1728 1609 1927 1653 Arabum,
1970 1622 2043 1654 qua

346 1677 442 1708 hunc
468 1676 716 1709 difficillimum
741 1677 1003 1709 Grannnatices
1030 1676 1148 1708 locum
1175 1677 1359 1709 illustrare
1398 1682 1549 1709 conatus
1587 1682 1653 1708 est.
1705 1675 1812 1709 Hanc
1835 1676 2043 1709 conscribe-

346 1754 384 1774 re
410 1743 565 1787 incepit,
606 1749 641 1775 et
673 1744 700 1775 si
738 1755 809 1775 non
839 1743 946 1787 plane
975 1742 1153 1784 absolvit,
1190 1746 1301 1774 totam
1334 1746 1457 1784 certe,
1492 1746 1534 1773 ut
1555 1740 1770 1773 elaboranda
1796 1740 1925 1774 suisset
1943 1767 1952 1782 ‚
1977 1742 2042 1774 de-

344 1809 504 1842 lineavit.
567 1811 686 1852 Quam
739 1809 783 1841 ob
825 1820 969 1841 causam
998 1809 1098 1850 sore,
1137 1813 1177 1840 ut
1213 1807 1406 1852 aliquando
1441 1807 1592 1850 edatur,
1631 1807 1805 1839 ardentur
1838 1819 2039 1852 speramus.

397 1875 585 1908 Dialectus
623 1874 780 1919 Syriaca
817 1887 925 1919 quain
965 1887 1096 1920 parum
1121 1874 1204 1906 olim
1232 1880 1358 1907 curata
1386 1875 1456 1916 sit,
1496 1885 1633 1918 parvus
1659 1873 1836 1906 librorum
1863 1873 2042 1906 editorum

347 1951 521 1973 numerus
559 1943 595 1974 in
636 1947 734 1974 tanta
770 1941 959 1974 literarum
1002 1941 1233 1985 Syriacarum
1266 1941 1370 1984 copia.
1408 1940 1493 1972 salis
1531 1939 1646 1972 docet.
1708 1938 1811 1971 Libri
1845 1944 1965 1971 autem
1990 1938 2041 1971 illi

349 2007 454 2049 editi,
489 2026 534 2031 —
566 2019 612 2040 ne
651 2008 763 2040 (licam
800 2007 842 2040 de
880 2006 1163 2049 Grammatica,
1204 2006 1388 2049 nondum,
1426 2011 1467 2038 ut
1492 2017 1561 2050 par
1587 2011 1666 2048 est,
1694 2004 1897 2047 elaborata,
1923 2015 2040 2035 —-1u=

348 2074 384 2104 in
413 2072 610 2105 subsidium
638 2073 782 2116 quidem
810 2072 926 2105 vocati
953 2079 1037 2105 sunt
1063 2073 1107 2104 ad
1134 2071 1269 2105 Lexica
1294 2071 1515 2105 emendanda
1540 2082 1740 2114 eorumque
1765 2070 1924 2102 desectus
1950 2081 2041 2114 sup-

350 2138 522 2182 plendos!
574 2138 670 2170 Huic
697 2139 917 2170 inconmodo
944 2149 1163 2171 HAMAKERUS
1189 2150 1402 2171 succurrere
1429 2137 1583 2171 volebat.
1636 2137 1837 2169 Chronieon
1865 2134 2041 2168 Bar-He-

352 2204 476 2246 braei,
526 2205 591 2237 hoe
630 2204 776 2236 consilio
815 2204 1004 2248 aliquoties
1033 2203 1234 2249 perlectum
1255 2229 1264 2247 ,
1312 2205 1348 2236 in
1380 2203 1514 2236 Lexieo
1551 2214 1617 2235 suo
1651 2202 1721 2235 iam
1759 2203 1938 2246 integrum
1975 2212 2040 2233 ex·-

351 2275 547 2315 cerpserat.
587 2269 796 2315 Apparatus
815 2295 824 2312 ,
846 2270 911 2302 hac
938 2271 1075 2303 ratione
1097 2270 1268 2303 collectus
1285 2294 1295 2312 ,
1322 2269 1485 2314 profecto
1513 2274 1591 2302 erat
1615 2269 1785 2312 insignis,
1823 2278 1937 2311 eoque
1962 2279 2041 2300 ina-

350 2337 402 2377 gis
429 2337 674 2381 exoptandum
713 2342 788 2377 cst,
834 2342 874 2368 ut
909 2336 965 2369 hic
998 2348 1144 2380 quoque
1180 2335 1264 2367 olini
1296 2336 1331 2367 in
1363 2335 1548 2380 publicum
1578 2346 1683 2367 usum
1720 2338 1966 2367 convertatur.

398 2404 488 2435 (Tum
535 2403 692 2447 Syriacis
741 2402 951 2447 copulatum
997 2407 1073 2434 erat
1123 2401 1281 2434 studium
1316 2401 1505 2434 literarum
1544 2400 1880 2433 Samaritanorum.
1946 2399 2037 2440 Cui,

354 2474 393 2500 ut
436 2468 476 2499 τίς
517 2469 694 2501 industria
733 2481 879 2513 operam
918 2474 1091 2511 navaret,
1127 2467 1317 2513 Epistola,
1359 2468 1454 2500 edita
1490 2478 1584 2500 anno
1623 2463 1736 2509 1834,
1778 2475 1899 2499 ansam
1931 2464 2036 2497 dedit.
