2196 2950
694 159 1138 194 ORATIO.
1709 162 1754 195 25)

76 273 145 306 lius
192 274 316 306 deinde
354 273 605 317 explorandas.
665 273 809 305 Etenim
844 273 953 316 plura
996 272 1156 304 facienda
1195 279 1405 315 supersunt.
1457 273 1606 306 Interna
1631 285 1754 306 earum

79 338 255 381 conditio,
291 338 464 380 cuiusque
502 337 677 369 versionis
712 336 870 378 indoles,
908 337 1151 380 interpretum
1191 337 1370 379 varietas,
1407 339 1627 382 singulorum
1657 340 1755 383 cogi—

78 404 203 446 tandi,
237 402 470 445 vertendique
505 401 622 443 ratio,
650 401 745 444 alia,
774 401 887 434 multo
914 401 1140 443 distinctius,
1169 413 1277 444 quam
1303 407 1409 434 antea
1434 410 1519 436 sunt
1544 403 1753 436 definienda.

81 468 139 501 De
157 468 288 512 quibus
310 468 339 500 si
362 468 504 512 plenius
524 472 662 500 constet
678 492 688 510 ,
713 479 836 500 earum
856 478 944 500 usus
969 468 1006 499 in
1030 471 1132 499 textu
1154 466 1322 498 Hebraeo
1342 467 1553 511 explicando
1574 475 1608 501 et
1634 482 1757 502 emen—

79 533 191 566 dando
225 532 339 564 multo
379 533 449 564 erit
479 532 641 575 acutior,
679 533 793 565 multo
829 532 974 564 certior.
1036 532 1163 576 Itaque
1189 542 1390 565 HAMAKERO
1428 539 1618 577 pergratae
1653 543 1758 568 erant

79 609 192 633 novae
216 598 389 641 quaedam
405 623 414 640 ,
442 598 645 630 accuratius
670 598 708 630 in
733 598 862 630 harum
888 597 1093 631 versionum
1119 597 1304 641 ingenium
1323 598 1570 641 inquirentes,
1606 599 1761 644 Scripti—

78 675 187 697 ones:
226 663 427 707 gratissima
465 663 502 695 in
537 663 664 707 primis
699 658 818 695 Editio
853 661 1117 695 Alexandrinae
1157 663 1330 696 versionis
1366 663 1610 697 Holmesiana.
1676 664 1759 696 Non

80 730 198 772 enim,
236 734 278 762 ut
311 729 500 773 plerique,
529 727 790 771 satishabebat,
829 733 969 760 textam
1000 728 1207 762 versionum
1242 728 1433 772 vulgarem
1471 730 1594 761 sedulo
1630 735 1760 762 contu—

80 795 189 837 lisse,
225 806 379 837 verum,
428 795 457 826 si
500 794 542 826 de
586 794 652 826 hae
691 800 837 839 recepta
868 794 1019 827 lectione
1053 793 1239 826 dubitandi
1277 793 1404 836 locum,
1446 799 1532 836 aut,
1570 795 1635 827 hac
1664 796 1761 827 intc—

80 859 169 904 gra,
210 860 357 903 insignis
394 865 512 891 tamen
548 859 711 892 lectionis
738 861 893 893 varietas
918 859 1023 892 obvia
1048 864 1167 901 esset,
1195 859 1308 901 nihil,
1338 859 1435 902 quod
1462 859 1505 891 ad
1532 859 1660 902 illam,
1689 862 1762 893 siw

82 925 329 970 probandam,
367 926 442 958 sive
481 924 761 966 emendandam,
799 925 843 956 ad
868 925 961 956 hanc
987 935 1072 958 vero
1098 924 1353 957 enucleandam
1388 925 1625 968 conduceret,
1654 926 1697 958 ab
1724 939 1764 959 eo

81 989 325 1023 omittebatur.
390 989 517 1022 Talem
552 994 673 1022 autem
712 990 755 1021 de
790 989 942 1034 reliquis
980 988 1204 1022 versionibus
1241 989 1555 1033 disquisitionem,
1584 998 1765 1036 apparatu

80 1056 300 1098 destitutus,
352 1055 427 1088 solo
475 1056 617 1099 ingenio
656 1055 746 1087 duce
780 1055 886 1099 vulgo
926 1059 1066 1087 tentare
1099 1054 1304 1098 cogebatur.
1341 1074 1390 1080 —-
1421 1055 1463 1088 In
1501 1056 1650 1089 Graecis
1688 1063 1768 1089 tra—

81 1121 218 1154 ctandis
253 1119 402 1164 Anglica
432 1120 494 1152 illa
527 1120 647 1152 Editio
686 1120 804 1165 largas
845 1121 916 1165 ipsi
951 1121 1137 1164 suppetias
1166 1120 1317 1152 serebat.
1370 1120 1511 1153 Iustum
1547 1122 1654 1154 huius
1678 1134 1768 1166 pre-

81 1187 172 1219 tium
221 1191 257 1218 et
305 1197 434 1219 verum
474 1197 581 1218 usum
614 1186 722 1230 pauci
756 1191 854 1218 certo
890 1191 963 1218 tam
1003 1185 1127 1227 brevi,
1166 1197 1273 1229 quain
1297 1195 1542 1229 HAMAKERUS,
1567 1198 1768 1231 perspexe—

82 1257 181 1285 runt.
233 1249 389 1294 Eadem,
428 1263 537 1295 quam
571 1251 607 1283 in
638 1251 693 1283 his
719 1252 896 1294 ostendit,
941 1251 1217 1295 perspicacitate
1251 1256 1416 1285 versatus
1451 1257 1505 1284 est
1541 1252 1578 1283 in
1617 1252 1769 1286 historia

80 1317 297 1351 recensionis
339 1318 571 1361 Hexaplaris
616 1318 844 1350 illustranda.
911 1317 1031 1360 Quam
1075 1316 1177 1349 docte
1208 1317 1454 1361 quaestionem
1499 1317 1542 1350 dc
1575 1318 1762 1362 Hexaplzs

81 1389 116 1416 et
160 1383 346 1428 Tetraplis
386 1385 554 1428 agitavit!
615 1396 722 1428 quam
761 1389 928 1417 accurate
972 1383 1014 1415 de
1064 1382 1283 1415 nobilissimo
1334 1382 1464 1416 Codice
1502 1383 1772 1417 fllediolmzensj

86 1449 270 1493 exposuit!
322 1448 422 1490 Quin
462 1449 611 1481 uberior
647 1450 684 1481 in
718 1450 762 1482 iis
796 1450 946 1490 suisset,
995 1448 1024 1480 si
1058 1448 1095 1479 iu
1130 1447 1234 1479 Italia
1273 1448 1410 1480 diutius
1449 1451 1664 1482 commorari
1702 1463 1773 1494 po—

87 1514 238 1557 tuisset,
286 1514 480 1558 eademque
524 1514 694 1557 consilia,
736 1526 828 1558 quae
859 1519 1006 1559 postea,
1046 1514 1115 1546 iam
1150 1519 1237 1545 tunc
1274 1514 1438 1556 iniisset,
1475 1520 1584 1558 atque
1619 1515 1770 1548 alterum

87 1582 124 1612 in
149 1580 288 1613 Italiam
326 1580 395 1612 iter
428 1580 665 1624 suscepisset,
703 1581 799 1623 quod
829 1580 934 1613 hoece
969 1591 1062 1611 anno
1098 1578 1216 1611 facere
1250 1578 1316 1610 sibi
1347 1586 1604 1623 proposuerat.

139 1644 278 1678 Critica
324 1656 409 1678 vero
452 1644 667 1688 sublimior,
701 1657 794 1689 quae
834 1650 1010 1686 vocatur,
1059 1644 1235 1678 vindicem
1278 1644 1493 1677 acerrimum
1540 1656 1769 1679 11AMAKERUM

89 1722 235 1755 quoque
274 1710 412 1743 habuit.
478 1710 666 1744 Vanarum
703 1711 982 1755 hypothesium,
1024 1721 1116 1753 quae
1163 1709 1230 1741 sub
1264 1707 1370 1742 finem
1408 1711 1566 1754 proximi
1603 1717 1638 1743 et
1673 1712 1772 1744 initio

89 1777 205 1810 nostri
242 1776 353 1809 seculi
387 1782 459 1809 tam
488 1776 614 1809 crebro
649 1776 948 1818 excutiebantur,
988 1775 1127 1808 nullam
1156 1776 1333 1808 rationem
1369 1775 1531 1819 habens,
1571 1788 1691 1821 neque
1729 1778 1773 1809 ab

92 1842 206 1875 altera
245 1847 349 1886 parte
389 1842 529 1885 fugiens
576 1842 737 1875 veritatis
778 1842 920 1885 lucem,
963 1853 1071 1885 quam
1114 1842 1227 1874 maior
1261 1842 1445 1874 hominum
1478 1853 1563 1885 pars
1599 1842 1774 1886 hodieque

89 1907 125 1937 in
163 1905 225 1938 tali
262 1906 423 1938 examine
462 1906 619 1938 studiose
655 1907 786 1949 evitat,
827 1918 927 1940 suam
958 1907 1001 1939 de
1034 1907 1273 1940 subtilissimis
1313 1907 1605 1951 gravissimisque
1638 1910 1674 1940 in
1709 1908 1773 1941 hac

93 1971 282 2016 disciplina
322 1971 409 2003 loeis
456 1976 582 2015 aperte
621 1976 731 2014 atque
767 1971 921 2015 ingenue
946 1971 1221 2016 pronunciabat.
1274 1970 1390 2004 Aliter
1419 1973 1613 2005 sentientes
1641 1985 1772 2017 parum

93 2047 244 2079 curans,
293 2047 411 2080 neque
447 2035 629 2080 perversis
669 2036 853 2069 hominum
885 2037 1054 2082 placitis,
1090 2038 1231 2069 tametsi
1267 2037 1310 2069 ab
1346 2049 1432 2071 aevo
1469 2038 1653 2082 probatis,
1691 2051 1775 2072 um—

95 2113 202 2145 quam
239 2101 464 2146 obsequens,
503 2113 604 2134 suam
639 2103 716 2146 ipse
748 2103 840 2136 viam
873 2103 1029 2135 tenebat.
1084 2102 1182 2135 Haec
1204 2108 1347 2146 tamen,
1385 2104 1470 2147 quia
1497 2104 1540 2136 de
1563 2104 1641 2137 aliis
1667 2105 1775 2138 rebus

95 2167 202 2211 vulgo
242 2166 442 2209 scribebat,
484 2165 640 2199 Exteros
672 2167 784 2200 latent
815 2167 913 2210 sere,
951 2169 1011 2201 sed
1038 2169 1154 2213 ipsius
1189 2168 1458 2213 Popularibus,
1500 2182 1656 2214 quorum
1693 2172 1774 2203 Do-

96 2232 242 2265 ctissimi
295 2233 430 2276 quique
474 2231 652 2267 fervidum
694 2233 770 2265 eius
813 2233 974 2268 veritatis
1016 2246 1172 2267 amorem
1216 2235 1381 2280 impense
1428 2236 1681 2279 mirabantur,
1735 2248 1775 2269 eo

96 2302 181 2328 sunt
214 2298 366 2331 notiora.
420 2299 587 2341 Quorum
628 2298 719 2333 votis
752 2300 781 2331 si
813 2299 1034 2332 satisfactum
1067 2299 1219 2343 fuisset,
1259 2301 1374 2333 otium
1414 2301 1467 2333 illi
1509 2313 1655 2346 quoque
1687 2313 1779 2334 con-

98 2361 234 2405 tigisset
270 2363 313 2396 ad
350 2364 556 2412 universam
591 2363 896 2398 Introductienem
933 2366 970 2398 in
1009 2364 1056 2398 V.
1085 2364 1131 2399 T.
1169 2366 1470 2400 conscribendam.
1535 2368 1618 2410 Quo
1654 2366 1776 2411 facto,

1516 2430 1538 2464 4
