2196 2950
357 173 401 207 20
820 170 865 203 T.
936 167 1576 202 G.1.1UYNBOLL

358 298 437 319 rum
457 311 466 328 ,
505 285 667 317 notitiam
702 283 769 315 sibi
807 290 1078 328 comparasset,
1119 285 1215 317 haud
1252 284 1458 328 vulgarem,
1486 284 1594 316 immo
1620 283 1961 328 incomparabilem,
1988 291 2048 319 at·-

357 364 427 395 que
470 350 728 392 extensissimi,
771 349 957 392 immensi,
998 349 1129 382 infiniti
1166 351 1241 382 sere
1275 350 1441 383 ambitus.
1496 349 1639 393 Quibus
1673 349 1858 382 doetrinae
1893 349 2045 394 opibus,

356 427 452 448 nunc
499 415 612 447 cheu!
650 426 732 447 eum
766 426 807 447 eo
848 414 1028 458 sepultis,
1068 415 1154 458 quid
1187 416 1224 447 in
1258 421 1445 459 posterum
1472 415 1608 447 lucrari
1634 415 1830 459 potuisset!
1883 414 2048 448 iacturae

355 486 498 513 nostrae
532 480 688 513 calculos
724 491 859 525 ponere
900 480 1161 524 quodammodo
1187 480 1292 523 licet,
1320 482 1361 513 iis
1380 507 1388 523 ,
1418 493 1510 525 quae
1537 481 1673 525 scripta
1698 481 1869 524 reliquit,
1897 481 1934 513 in
1961 493 2047 514 eeu—

353 558 433 578 311111
477 547 624 579 vocatis.
690 544 739 577 At
785 556 939 587 vereor,
982 550 1023 577 ut
1073 546 1179 588 qum,
1229 545 1285 579 vel
1315 558 1358 578 cx
1392 546 1436 578 iis
1473 558 1596 580 veram
1628 546 1819 578 historicae
1854 557 2045 579 HAMAKERI

353 611 564 644 eruditionis
602 611 784 642 notionem
826 610 893 643 sibi
942 610 1139 642 informare
1174 612 1297 655 possit.
1361 612 1481 654 Quam
1518 612 1581 655 qui
1618 612 1808 656 concipere
1846 611 2043 653 voluisset,

352 688 434 709 eum
479 677 663 708 docentem
700 676 821 720 ipsum
855 676 982 708 audire
1015 677 1248 720 oportuisset.
1315 675 1367 709 Ae
1405 688 1604 721 numquam
1643 688 1727 709 euin
1762 678 1939 709 dicentem
1977 688 2047 708 au-

351 744 498 776 divisset
554 742 687 774 maiore
741 753 822 773 cum
867 741 1130 784 admiratione,
1178 754 1285 785 quam
1328 742 1365 773 in
1412 741 1647 775 conventibus
1698 742 1768 774 illis
1815 742 2043 786 vespertinis.

352 809 626 842 Bar—Hebraei
671 809 766 840 enim
812 808 918 840 lectio
962 820 1043 840 cum
1084 819 1149 840 nos
1192 813 1279 840 tunc
1314 807 1575 839 introduxisset
1601 808 1638 839 in
1672 807 1762 839 illud
1801 813 1943 852 tempus
1975 809 2046 840 im—

352 876 540 920 peditum,
588 886 660 918 quo
709 885 766 906 res
813 874 975 906 Orientis
1019 884 1101 906 cum
1144 873 1227 906 satis
1269 872 1474 906 Occidentis
1508 877 1582 905 tam
1615 873 1740 905 intime
1775 879 1879 905 erant
1912 885 2048 906 conne-

349 952 442 983 xae,
482 946 523 972 ut
577 940 619 971 de
668 939 722 971 his
773 939 1000 971 enucleandis
1037 938 1113 971 fere
1150 939 1452 983 desperaremus,
1496 943 1652 980 cuneta,
1693 948 1893 972 HAMAKERO
1928 938 2046 971 inter-

348 1011 473 1050 prete,
515 1005 703 1049 expedita,
748 1004 936 1037 intellectu
969 1003 1089 1037 facilia
1120 1003 1265 1037 fiebant.
1326 1005 1470 1037 Etenim
1508 1005 1693 1037 historiam
1728 1004 1890 1037 Arabum
1920 1007 2044 1050 regni-

349 1083 420 1115 que
457 1071 677 1115 Byzantini,
726 1070 755 1102 si
800 1070 880 1113 quis
925 1069 1044 1112 alius,
1098 1076 1327 1115 perspectam
1368 1070 1532 1103 habebat.
1595 1070 1678 1102 Non
1709 1071 1826 1103 solum
1857 1072 2042 1106 variarum

349 1136 592 1170 Orientalium
636 1136 901 1180 Dynastiarum
937 1137 1104 1179 nomina,
1140 1142 1267 1180 ortus,
1302 1149 1516 1181 progressus
1557 1142 1592 1169 et
1628 1138 1870 1171 successiones
1905 1151 1949 1171 ex
1978 1151 2043 1171 or-

346 1203 428 1234 dine
471 1202 656 1234 confestim
696 1213 892 1244 enarrare,
934 1202 994 1234 sed
1032 1202 1139 1234 ctiam
1173 1202 1398 1246 singulorum
1432 1202 1646 1247 Principum
1680 1202 1774 1245 sata,
1811 1209 1846 1236 et
1886 1216 1942 1236 res
1978 1216 2044 1248 ge-

346 1273 418 1300 stas
463 1268 662 1311 explicare,
711 1279 915 1312 earumque
946 1279 1094 1310 causas,
1132 1269 1219 1311 quin
1254 1267 1472 1300 abditissima
1505 1280 1652 1312 quoque
1692 1269 1839 1300 consilia
1876 1269 2041 1302 sollerter

345 1333 523 1377 expiscari
571 1338 606 1365 et
656 1339 823 1365 accurate
868 1333 1087 1376 distinguere
1128 1333 1272 1366 sciebat.
1343 1336 1447 1376 Quae
1483 1345 1564 1366 cum
1600 1335 1650 1366 ita
1685 1336 1783 1376 sint,
1823 1345 2041 1379 magnopere

343 1399 587 1443 exoptandum
619 1398 773 1440 suisset,
805 1404 868 1440 ut,
908 1398 937 1430 si
970 1410 1041 1430 non
1074 1398 1196 1442 Opere
1231 1398 1430 1442 ampliore,
1465 1405 1502 1431 at
1533 1399 1752 1443 Compendio
1784 1399 1907 1432 saltem
1926 1425 1936 1442 ,
1972 1400 2040 1432 ho·-

342 1477 425 1497 rum
473 1469 676 1507 temporum
724 1464 908 1495 historiam
944 1465 1184 1507 exposuisset.
1250 1464 1316 1494 Cui
1351 1469 1460 1505 voto,
1501 1464 1544 1494 ad
1581 1464 1674 1506 quod
1712 1465 1924 1497 solvendum
1961 1465 2038 1496 cius

343 1529 526 1573 Discipuli
567 1529 686 1572 ipsum
719 1528 935 1572 compellere
977 1534 1012 1560 et
1046 1539 1175 1572 urgere
1200 1528 1295 1560 haud
1322 1528 1534 1569 desierunt,
1568 1528 1603 1559 in
1636 1533 1826 1572 posterum
1864 1527 1957 1561 sorte
1977 1540 2037 1561 sa—

342 1594 543 1627 tisfecisset.

390 1659 444 1692 Ab
480 1659 662 1692 Historiae
694 1659 939 1692 Orientalium
980 1660 1093 1693 civilis
1134 1660 1355 1704 expositione
1384 1659 1522 1702 seiungi
1557 1660 1684 1703 nequit
1715 1659 1908 1692 Isis-toriae
1949 1661 2035 1693 lite-

344 1726 467 1758 rariae.
509 1725 679 1757 studium.
745 1724 828 1765 Quo
872 1724 1055 1768 neglecto,
1098 1724 1221 1756 nullus
1260 1730 1313 1757 est
1349 1724 1520 1756 Codicum
1562 1736 1676 1766 usus,
1714 1724 1857 1757 nullum
1891 1725 1933 1757 de
1966 1724 2034 1758 fide

343 1791 511 1823 historica
541 1802 664 1822 rerum
706 1795 958 1822 enarratarum
990 1788 1175 1821 iudicium.
1228 1788 1349 1821 Huius
1391 1789 1524 1831 studii,
1566 1789 1608 1820 de
1645 1800 1716 1832 quo
1740 1776 1904 1833 plerique
1929 1796 2035 1823 antea

342 1869 473 1901 parum
515 1862 617 1889 erant
651 1856 820 1898 solliciti,
862 1861 986 1888 nostra
1016 1860 1132 1887 aetate
1161 1855 1382 1888 instaurator
1415 1855 1579 1898 egregius
1616 1853 1687 1886 suit
1718 1865 1859 1887 sAcrt'S.
1925 1854 2032 1888 Nunc

342 1922 475 1965 ubique
520 1922 641 1965 vigens
684 1927 794 1965 atque
837 1921 999 1963 florem,
1043 1921 1109 1953 hoe
1161 1932 1306 1964 quoque
1349 1921 1383 1952 in
1431 1919 1556 1952 Patria
1600 1925 1725 1952 nostra
1768 1920 1856 1953 altas
1893 1920 2030 1953 radices

342 1988 425 2030 egit.
479 1988 646 2029 Quonam
683 1992 858 2029 auctore,
893 1987 1047 2030 quisque
1080 1987 1191 2019 novit.
1253 1986 1487 2019 HAMAKERUS
1513 1986 1630 2028 enim,
1675 1986 1781 2019 huius
1817 1987 1922 2019 ctiam
1957 1987 2032 2019 dis—-

343 2052 495 2096 ciplinae
533 2053 663 2086 vindex
702 2052 939 2096 praeclarus,
990 2051 1152 2084 Arabum
1200 2057 1321 2096 gentes
1365 2052 1416 2083 ita
1466 2052 1623 2095 cognitas
1663 2051 1838 2094 habebat,
1884 2057 1924 2083 ut
1968 2051 2029 2084 alii

341 2116 567 2149 Nostratium
609 2116 773 2150 familias.
835 2115 884 2149 At
931 2118 1077 2149 nomina
1117 2128 1187 2149 non
1226 2123 1369 2149 tantum
1413 2117 1563 2150 curabat
1603 2122 1638 2149 et
1678 2116 1925 2160 genealogias,
1967 2117 2028 2149 sed

341 2184 567 2228 Scriptorum
612 2183 719 2215 etiam
765 2183 1054 2225 vicissitudines,
1097 2184 1392 2227 opportunitates
1434 2183 1478 2215 ad
1516 2194 1598 2225 res,
1640 2193 1728 2226 quas
1775 2180 2028 2225 conscribant,

341 2250 624 2294 cognoscendas,
668 2249 850 2293 ingenium
893 2249 1048 2293 denique
1088 2253 1124 2280 et
1156 2259 1285 2280 mores.
1352 2248 1495 2291 Quibus
1520 2248 1693 2293 cognitis,
1730 2252 1766 2280 et
1800 2247 1978 2290 sontibus,
2007 2259 2027 2280 e

344 2315 474 2358 quibus
517 2315 671 2359 quisque
715 2326 781 2347 sua
817 2315 999 2357 hauserit,
1036 2314 1282 2358 investigatis,
1317 2325 1403 2347 vcra
1434 2326 1454 2346 a
1488 2314 1586 2347 salsis
1625 2313 1882 2345 discernuntur
1917 2318 2027 2356 atquc

345 2381 512 2413 tenebrae
550 2381 622 2412 luci
658 2380 801 2412 cedunt.
854 2379 1107 2422 Himixssnus,
1142 2391 1221 2412 cum
1265 2380 1333 2424 ipsi
1362 2391 1454 2412 anno
1491 2377 1582 2414 1817
1609 2378 1815 2411 mandatum
1841 2383 1933 2410 esset
1956 2389 2026 2409 no-

346 2455 432 2477 vum
471 2446 641 2479 Codicum
686 2444 986 2490 Lugdunensium
1025 2444 1225 2489 catalogum
1256 2445 1505 2489 conscribere,
1549 2445 1653 2488 cique
1685 2443 1842 2487 aliquam
1874 2443 2026 2476 adjicere
