2196 2950
707 172 740 205 ()
792 172 822 205 st
878 171 906 204 A
958 171 990 204 T
1046 171 1058 202 Ι
1111 170 1158 203 Ο.
1739 169 1780 202 l‘.)

90 287 175 319 ret?
236 285 365 318 Nonne
410 289 597 328 praestat,
644 284 698 316 his
747 284 944 326 consultis,
989 296 1054 315 suo
1101 283 1231 315 iudicio
1278 283 1358 315 uti?
1421 282 1528 324 Quod
1563 283 1614 324 si,
1665 287 1705 314 ut
1743 283 1780 315 iu

91 363 315 394 HAMAKERO,
363 361 444 382 cum
489 350 630 392 ingenio
678 354 713 381 et
744 350 907 381 doctrina
942 349 1175 381 coniunctum
1209 349 1277 388 sit,
1308 348 1403 379 haud
1440 359 1558 391 pauca
1586 358 1630 380 ex·
1667 348 1780 380 mira-

90 418 153 450 bili
182 418 358 451 variarum
386 425 508 447 rerum
534 414 763 458 copulatione
788 413 941 446 feliciter
966 413 1213 445 illustrantur.

143 482 277 515 Arabes
330 492 412 513 cum
457 481 499 512 in
548 480 644 512 omni
685 479 958 524 disciplinarum
1001 489 1132 522 genere
1165 488 1313 521 operam
1346 477 1629 520 collocaverint,
1673 485 1707 510 et
1744 480 1780 511 in

93 548 214 581 multis
245 546 505 589 excelluerint,
542 546 579 577 in
622 545 749 577 studiis
783 545 914 586 etiam,
949 555 1042 587 quae
1078 544 1311 575 Recentiores
1344 544 1380 575 in
1408 543 1462 575 liis
1487 542 1619 576 Literis
1646 556 1780 588 posue—

93 619 178 647 runt
193 638 202 656 ‚
227 618 268 645 ut
289 624 373 646 vere
396 621 616 644 {IAMAKERUS
638 611 842 645 observavit
861 635 870 653 ,
896 616 1029 643 aetates
1052 610 1227 653 quaedam
1254 609 1328 643 sive
1352 609 1492 653 periodi
1514 609 1779 651 observantur,

92 691 246 725 quarum
289 690 456 723 quaeque
496 678 587 711 illud
626 678 853 722 Scriptorum
889 688 1001 721 genus
1039 675 1216 720 eligebat,
1256 676 1352 719 quod
1378 687 1463 708 suae
1489 677 1614 708 aetatis
1640 677 1780 721 ingenio

91 747 242 779 maxime
279 749 508 789 congrueret.
574 742 703 788 Itaque
740 743 862 776 Medio
896 754 984 777 aevo
1020 742 1184 774 certatim
1220 746 1424 783 curarunt,
1459 747 1500 773 ut
1539 753 1579 773 ea
1615 742 1779 786 Scripta,

91 811 223 856 quibus
270 811 392 854 aliqua
435 821 517 842 cum
567 809 799 854 Philosophia
840 808 1069 841 Aristotelica
1106 807 1330 840 necessitudo
1373 807 1635 849 intercederet,
1672 807 1781 839 latine

93 882 337 911 verterentur.
390 875 489 908 Huic
521 886 608 909 aevo
626 900 635 917 ,
669 880 752 919 post
776 873 918 906 Literas
941 879 1085 906 renatas
1104 898 1113 915 ,
1141 873 1311 905 successit
1333 877 1430 904 aetas
1458 872 1641 905 Historica
1659 897 1668 914 ,
1694 884 1783 905 con-

96 944 221 989 spicua
265 942 417 986 Scriptis
466 951 642 982 ER‘PENII,
689 950 818 982 comi,
860 950 1048 981 Poeocmt,
1098 949 1272 981 SELDENI,
1313 949 1545 971 HERBELOTII.
1612 938 1784 972 ALBERTo

92 1018 332 1040 sencLTExslo
372 1007 532 1039 omnium
570 1010 707 1038 mentes
744 1006 780 1037 in
807 1005 1043 1038 dialectorum
1079 1005 1237 1037 studium
1275 1010 1530 1047 convertente,
1569 1010 1695 1037 exorta
1730 1011 1784 1038 est

92 1073 262 1118 periodus
289 1072 556 1113 Gramnlatiea,
584 1069 866 1114 Lexicographis
905 1075 940 1102 et
966 1070 1172 1102 Scholiastis
1206 1069 1470 1114 perlustrandis
1496 1070 1626 1102 dedita.
1678 1070 1784 1102 Hanc

95 1144 259 1169 nostrum
299 1137 441 1182 excepit
485 1142 653 1181 teinpus,
698 1137 734 1168 in
777 1148 818 1168 eo
865 1136 908 1168 ab
941 1136 1108 1168 omnibus
1143 1135 1441 1180 praecedentibus
1475 1136 1632 1179 periodis
1661 1136 1783 1169 diver—

96 1215 198 1245 sum,
231 1203 327 1247 quod
363 1214 435 1235 non
472 1214 587 1235 unum
619 1202 722 1234 modo
746 1202 972 1246 Scriptorum
1010 1213 1122 1245 genus
1155 1212 1242 1245 prae
1277 1201 1431 1243 ceteris,
1460 1201 1520 1233 sed
1552 1202 1672 1233 omnia
1695 1212 1785 1232 con-

94 1269 240 1301 iunctim
287 1269 410 1301 eodem
452 1268 528 1301 fere
579 1280 661 1300 eum
707 1268 836 1300 ardore
878 1266 1143 1310 complectitur.
1203 1266 1308 1297 Hane
1344 1266 1388 1297 ob
1427 1278 1571 1298 eausam
1607 1266 1678 1298 iam
1713 1277 1783 1298 non

96 1335 198 1368 inodo
236 1335 478 1377 evolvuntur,
516 1333 717 1377 meliusque
758 1344 866 1377 quam
904 1336 1009 1364 antea
1043 1330 1273 1375 explicantur
1312 1336 1348 1363 et
1381 1331 1622 1374 adhibentur,
1650 1331 1784 1364 Po'etae

97 1412 294 1444 corumque
328 1400 552 1444 Interpretes
569 1424 579 1441 ,
603 1410 730 1433 verum
757 1398 864 1430 etiam
894 1396 1105 1430 IIlstorlcos
1131 1396 1337 1438 consultos,
1377 1397 1511 1439 editos,
1537 1402 1572 1429 et
1591 1408 1685 1431 nova
1703 1396 1783 1429 luce

97 1466 326 1497 collustratos
362 1466 537 1499 videmus.
591 1464 649 1495 Ex
681 1463 736 1494 his
761 1467 881 1494 autem
906 1462 1001 1494 haud
1026 1462 1182 1493 minores
1197 1487 1205 1502 ,
1241 1474 1349 1504 quam
1373 1474 1416 1493 ex
1436 1462 1504 1494 illis
1520 1487 1530 1504 ,
1559 1463 1588 1495 si
1609 1474 1681 1494 non
1706 1473 1784 1494 ma—

97 1533 190 1563 iores
239 1530 384 1575 potius,
431 1529 509 1561 aliis
546 1528 742 1572 disciplinis
781 1528 869 1560 oriri
901 1526 1100 1569 utilitates,
1139 1528 1303 1558 sentiunt
1345 1525 1421 1558 fere
1461 1538 1599 1559 omnes.
1667 1528 1784 1560 Sensit

99 1587 204 1627 etiam
253 1605 484 1627 HAMAKERUS.
547 1593 838 1637 Impeditissimas
890 1592 1117 1636 quaestiones
1158 1592 1207 1623 sic
1248 1591 1440 1634 aliquando
1476 1591 1708 1636 profligatum
1740 1593 1785 1624 iri

100 1661 176 1692 iure
212 1664 429 1704 expectans,
468 1658 664 1690 Historiae
703 1657 945 1690 Orientalium
977 1656 1093 1690 civilis·
1122 1656 1414 1700 indagationem,
1451 1657 1669 1700 gravissimis
1696 1669 1783 1690 usus

99 1725 340 1769 argumentis,
393 1723 558 1756 omnibus
600 1724 687 1756 adeo
726 1723 998 1757 commendavit.
1063 1721 1148 1767 Ipse
1190 1723 1329 1766 igitur,
1373 1728 1566 1766 postquam
1603 1723 1786 1755 recentio—

100 1803 179 1823 rum
218 1791 474 1823 historicorum
522 1790 564 1822 de
611 1788 703 1832 fide,
753 1800 927 1823 WAKIDEO
972 1788 1189 1831 tribuenda,
1234 1788 1491 1820 dissensionem
1520 1788 1786 1821 animadverte-

102 1864 182 1899 rat,
228 1859 263 1889 in
304 1857 411 1889 huius
456 1856 599 1900 Scripta
635 1856 839 1899 diligentius
876 1854 1084 1899 inquirendi
1119 1854 1308 1886 consilium
1346 1855 1452 1898 cepit.
1507 1855 1609 1896 Quae
1645 1853 1786 1897 disqui-

102 1925 180 1956 sitio
200 1949 209 1966 ,
244 1935 349 1967 quam
385 1933 458 1954 non
493 1922 658 1965 quidem,
687 1921 781 1966 proli
810 1920 932 1953 dolor!
972 1921 1016 1953 ad
1040 1919 1145 1952 finem
1184 1919 1384 1963 perducere
1419 1919 1565 1963 potuit,
1600 1919 1691 1952 hanc
1726 1925 1786 1951 ta-

101 2002 180 2021 men
225 1989 469 2033 quaestionem
516 1987 671 2020 multum
705 1987 908 2031 promovit,
948 1986 1090 2030 ipsique
1127 1996 1235 2017 causa
1273 1983 1434 2027 exstitit,
1474 1989 1516 2017 ut
1550 1985 1587 2016 in
1620 1984 1786 2017 Historia

101 2055 196 2087 civili
233 2053 446 2098 exponenda
479 2064 619 2085 omnem
653 2064 802 2098 operam
827 2051 1030 2084 collocaret.
1081 2049 1247 2094 Namque
1281 2051 1358 2082 eius
1395 2051 1532 2093 studia,
1564 2061 1784 2095 quamquam

105 2131 175 2152 non
221 2130 353 2163 unam,
405 2119 465 2152 sed
506 2130 629 2151 omnes
669 2118 776 2151 huius
810 2117 1018 2162 disciplinae
1049 2122 1171 2160 partes
1202 2115 1553 2161 complectebantur,
1595 2116 1624 2148 si
1659 2127 1785 2148 eorum

104 2185 345 2219 characterem
379 2184 582 2218 distinctius
618 2182 788 2226 definias,
814 2183 858 2215 ad
883 2182 1083 2215 Historiam
1121 2182 1336 2227 praesertim
1373 2182 1565 2214 inclinasse
1601 2181 1670 2213 dici
1696 2192 1785 2225 pos-

106 2256 201 2283 sunt.
262 2249 318 2284 Ad
359 2251 449 2284 hane
496 2250 533 2282 in
578 2250 705 2294 primis
746 2248 988 2281 exornandam
1023 2259 1045 2280 a
1078 2253 1212 2281 natura
1239 2249 1307 2290 iis,
1344 2247 1475 2291 quibus
1498 2247 1699 2292 perpauci,
1727 2245 1786 2278 sa-

106 2315 298 2350 cultatibus
334 2317 534 2350 instructus
576 2321 665 2348 erat.
727 2314 797 2347 His
822 2314 990 2357 adiutus,
1025 2314 1243 2359 optimisque
1272 2313 1437 2346 subsidiis
1464 2313 1646 2357 gaudens,
1677 2316 1787 2356 atque

105 2379 304 2424 indefesso,
328 2393 448 2426 neque
482 2391 655 2426 umquam
688 2379 888 2413 intermisso
920 2379 1068 2422 labore,
1101 2379 1139 2411 in
1171 2379 1309 2412 abditos
1346 2379 1454 2412 huius
1481 2377 1690 2422 disciplinae
1722 2387 1785 2409 re-

108 2457 228 2478 cessus
270 2451 341 2478 tam
390 2447 535 2490 penitus
582 2444 819 2490 penetrabat,
868 2451 910 2479 ut
943 2456 1087 2489 rerum,
1121 2445 1157 2478 in
1192 2445 1387 2479 Occidente
1417 2450 1454 2478 et
1492 2443 1644 2477 Oriente
1665 2447 1787 2488 gesta-
