2196 2950
603 126 1302 161 ANNOTA'FIO.
1746 123 1787 157 61

165 240 198 271 P.
227 249 270 276 14.
294 240 345 270 lin.
366 248 396 276 4.
418 250 445 269 a.
467 239 488 270 f.
532 241 720 279 Apparatus
743 244 801 270 cet.
844 239 929 269 conf.
962 238 1118 276 descriptio
1147 239 1344 269 annotationis
1366 238 1402 268 ab
1425 248 1598 268 unnxnno
1621 236 1785 275 adscriptae

122 298 226 328 Lexico
247 298 367 337 Syriaco
388 297 528 334 Castelli‚
552 307 568 326 a
594 310 616 326 1.
638 309 668 326 n.
689 309 854 327 menatem:
873 297 967 334 edito,
991 297 1020 326 in
1043 296 1109 327 Cat.
1130 307 1219 335 supra
1241 297 1359 335 laud.p.
1376 309 1441 337 117.
1487 297 1610 335 »Quum
1633 308 1786 327 mulixi:-

124 368 206 388 »nus
223 358 336 388 nullum
368 356 490 386 fortasse
514 356 620 386 librum
644 360 704 386 tam
727 360 865 386 accurate
887 366 920 385 ac
943 355 1027 386 toties
1050 356 1172 395 legerit,
1191 366 1280 394 quam
1301 356 1385 386 Bar-
1399 357 1524 386 Hebraei
1545 357 1709 387 chronicon
1732 355 1787 394 Sy-

124 428 136 447 ι)
148 417 280 454 riacum,
314 416 456 454 paucique
488 414 554 444 libri
589 419 649 444 tam
680 415 758 444 male
779 415 846 444 editi
868 415 947 453 sint,
977 416 1022 445 vel
1041 415 1069 444 in
1092 415 1164 446 alias
1184 416 1296 454 linguas
1318 416 1471 453 conversi,
1496 416 1542 445 vix
1565 417 1702 446 credibile
1724 420 1785 452 est,

126 480 292 514 »quantum
312 475 341 504 in
364 474 419 504 hac
440 486 614 504 11AMAKE1U
633 474 823 504 annotatione
845 474 979 513 praesidii
997 475 1033 505 sit
1056 475 1092 504 ad
1109 475 1392 513 praestantissimum
1415 475 1497 505 illum
1512 475 1618 504 librum
1632 475 1788 514 aliquando

123 534 250 565 amelius
268 533 411 563 edendum
434 538 461 563 et
486 533 750 571 interpretandum.
779 533 891 564 Omnes
910 534 970 564 eius
993 534 1067 572 loci,
1081 535 1130 572 qui
1150 535 1197 564 vel
1219 535 1412 573 grammatica
1434 534 1480 564 vel
1504 534 1696 573 geographica
1718 534 1791 563 dissi-

124 594 260 624 »cultate
289 593 443 630 laborant,
464 592 512 622 hic
536 592 656 622 indicati
678 598 769 630 sunt,
788 597 816 622 et
839 593 954 632 egregio
973 594 1144 632 plerumque
1165 594 1249 624 modo
1270 595 1425 632 illustrati3
1450 594 1534 624 multi
1556 594 1695 624 facillima
1719 604 1789 624 cori-

123 663 135 683 u
147 653 279 690 iectura,
314 651 363 682 alii
396 661 447 689 per
475 652 727 682 accuratissimam
756 663 814 682 non
836 653 975 691 Syriacae
995 658 1128 691 tantum,
1151 664 1253 684 verum
1272 655 1360 684 etiam
1381 654 1558 692 reliquarum
1583 653 1789 683 Semiticaruni

123 711 337 743 „dialectorum
371 711 565 750 cognitionem
599 716 686 749 atque
716 712 839 742 collatos
864 713 1023 742 multorum
1045 713 1228 751 Scriptorum
1255 713 1364 743 similes
1384 714 1480 751 locos,
1514 714 1560 744 vel
1584 723 1635 751 per
1656 713 1790 743 intimam

123 782 136 802 J)
149 770 380 802 familiaritatem
414 781 480 800 cum
512 770 627 800 Graeco
658 780 791 801 sermone
819 776 1022 810 contractam,
1061 782 1095 802 ex
1126 783 1182 810 quo
1217 777 1318 803 notum
1341 778 1402 810 est,
1438 778 1550 811 quanta
1585 773 1793 803 vocabulorum

126 830 234 868 »copia
265 830 294 860 in
324 830 520 860 recentiorum
552 829 691 868 Syrorum
717 830 846 868 linguam
871 831 1037 867 transierit;
1073 832 1122 862 alii
1143 832 1267 870 denique
1291 832 1454 870 complures
1472 832 1691 870 diligentissima
1711 832 1791 861 inve-

126 890 304 929 »stigattone
335 889 549 928 geographica,
585 889 722 920 adhibitis
755 889 958 932 Graecorum,
992 891 1124 921 Arabum
1153 901 1187 921 ac
1218 892 1416 921 recentiorum
1451 891 1530 921 libris
1561 891 1595 920 de
1621 890 1721 921 eodem
1744 901 1790 920 ar-

130 951 319 988 „rgumenta”

171 1007 206 1038 P.
234 1017 282 1044 14.
304 1008 358 1038 lin.
379 1020 407 1038 2.
429 1019 446 1038 a
470 1008 489 1038 s.
539 1011 684 1039 Studium
720 1012 899 1039 Literarum
935 1013 1224 1041 Samaritanorum.
1269 1012 1311 1042 Ex
1342 1011 1527 1042 Nostratibus
1548 1011 1639 1041 hocce
1658 1010 1792 1041 Studium

128 1077 187 1098 non
220 1067 362 1098 intactum
392 1068 572 1106 reliquerunt
608 1081 640 1098 n.
670 1080 835 1099 RELANDL‘S
865 1074 894 1099 et
928 1082 956 1099 E.
988 1082 1165 1101 scummus.
1211 1071 1266 1101 llic
1288 1071 1459 1109 conscripsit
1482 1071 1554 1101 Diss.
1578 1081 1593 1100 a
1616 1081 1793 1100 warner.)

135 1130 258 1168 (Schets
286 1128 304 1158 l.
326 1128 346 1158 l.
374 1139 401 1166 p.
427 1139 454 1167 p.
479 1130 554 1168 167)
569 1153 577 1167 ,
611 1134 889 1160 commemoratam:
922 1130 1004 1161 culus
1022 1131 1124 1160 tltulus
1146 1135 1188 1160 est
1202 1155 1209 1168 ‚
1247 1133 1396 1160 Vsu-letas
1420 1133 1584 1160 lectionum
1606 1133 1791 1160 selectarum

126 1201 162 1218 ex
184 1190 396 1218 Pentateucho
421 1191 623 1218 Samaritano
647 1191 692 1218 ad
712 1190 787 1219 Gen.
811 1193 926 1226 1-—505
947 1197 976 1219 et
998 1193 1187 1229 comparatio
1207 1192 1338 1219 illm-mn
1359 1203 1427 1219 cum
1442 1193 1537 1219 variis
1552 1192 1664 1219 lectt-a
1678 1200 1799 1218 Kassi-

126 1260 223 1278 corro
251 1249 387 1289 prolatis
422 1256 468 1284 40.
500 1265 537 1272 —
572 1251 745 1279 chronicon
771 1249 865 1287 illud,
903 1249 979 1287 quod
1011 1249 1217 1286 complectitur
1235 1249 1332 1279 Codex
1354 1260 1544 1288 solimanni,
1567 1259 1583 1278 a
1607 1249 1800 1279 Samaritanis

129 1307 165 1337 ad
200 1307 293 1345 ipsum
322 1307 391 1338 olim
422 1308 543 1346 missus,
572 1320 604 1338 11.
624 1320 790 1338 namucus
813 1308 867 1338 sibi
884 1308 1028 1339 edendum
1045 1313 1208 1347 sumserat,
1225 1313 1311 1339 utens
1335 1309 1467 1347 exemplo
1489 1321 1583 1338 comi
1597 1333 1605 1347 ,
1625 1309 1719 1347 quod,
1739 1308 1800 1338 sive

127 1377 143 1397 a
162 1379 281 1405 aomo,
311 1367 372 1398 sive
401 1367 461 1398 eius
491 1367 569 1398 iussu
594 1378 629 1397 ex
658 1368 708 1398 illo
738 1373 801 1398 erat
835 1367 1034 1406 descriptum,
1074 1368 1205 1406 quodque
1239 1380 1354 1399 comus
1383 1369 1489 1407 passim
1519 1369 1594 1399 notis
1618 1369 1647 1398 in
1670 1368 1801 1407 margine

128 1427 232 1459 additis
255 1427 450 1465 explicuerat,
472 1427 578 1465 passim
602 1427 691 1457 etiam
715 1427 939 1461 emendaverat.
960 1427 1025 1458 Vid„
1047 1440 1185 1458 nemun.
1204 1428 1273 1458 diss.
1289 1431 1326 1458 de
1343 1432 1576 1468 δάιηανίιαιιίε,
1591 1428 1698 1459 inserta
1712 1431 1800 1459 Diss.

131 1490 224 1517 Misc.
247 1486 293 1525 11,
317 1496 345 1524 p.
372 1488 418 1516 16.
460 1486 542 1524 Opus
564 1496 634 1516 vero
656 1486 729 1516 illud
752 1498 891 1516 nemum
914 1496 971 1516 non
994 1487 1104 1517 editum
1128 1492 1180 1517 est.
1227 1487 1368 1518 Nonnulli
1401 1492 1516 1518 tantum
1550 1488 1604 1518 loci
1628 1493 1656 1518 et
1679 1489 1792 1526 perico-

138 1556 194 1584 pae
224 1546 299 1577 Diss.
341 1545 418 1576 laud.
452 1550 519 1576 sunt
552 1546 673 1576 inserta.
726 1545 771 1575 De
812 1558 908 1576 como
948 1545 1006 1576 vid.
1036 1549 1106 1577 Cat.
1138 1549 1285 1577 librorum
1306 1550 1409 1577 MSS.
1441 1561 1463 1578 1.
1487 1560 1579 1578 corn
1603 1548 1637 1577 L.
1658 1548 1693 1578 B.
1719 1551 1796 1588 1095

134 1613 192 1645 40,
216 1606 265 1636 ubi
295 1605 371 1636 inter
393 1608 603 1635 miscellanea
642 1609 836 1645 incompacta
868 1607 910 1646 (p.
934 1615 990 1643 24,
1015 1605 1053 1635 N.
1075 1606 1107 1644 6)
1135 1606 1207 1636 illud
1239 1607 1405 1645 exemplum
1427 1612 1606 1637 recensetur.
1650 1607 1796 1637 numm

135 1666 218 1705 Opus
248 1666 374 1704 primum
402 1665 430 1695 in
454 1665 531 1695 Bibl.
553 1665 621 1696 vat.
644 1665 774 1695 delatum
790 1689 798 1703 ,
821 1665 925 1694 deinde
947 1665 1121 1695 translatum
1140 1665 1170 1695 in
1193 1665 1271 1696 Bibl.
1296 1665 1408 1703 Paris„
1434 1677 1511 1696 nunc
1535 1667 1643 1697 iterum
1665 1671 1799 1697 servatur

138 1726 167 1756 in
186 1725 264 1756 Bibl.
286 1725 351 1757 Vat.
394 1724 439 1755 De
457 1724 534 1756 Bibl.
551 1724 646 1755 Paris.
667 1724 728 1757 vid.
750 1727 897 1754 Recensio
915 1727 1020 1754 MSS.
1039 1727 1155 1764 codd„
1177 1729 1229 1765 qui
1248 1738 1285 1755 ex
1306 1729 1452 1755 universa
1478 1727 1559 1755 Bibl.
1583 1729 1657 1756 Vat-
1683 1730 1799 1755 Procn-

138 1787 293 1815 ratorihus
316 1786 479 1814 Gallorum
503 1787 569 1814 iure
589 1787 679 1820 belli,
703 1787 766 1814 sive
786 1792 955 1823 pactarum
977 1787 1177 1814 induciarum
1199 1798 1291 1826 ergo,
1310 1794 1337 1815 eL
1361 1788 1457 1815 int-'lae
1476 1788 1710 1825 pacis‚tr‹uliti
1722 1790 1799 1824 fue·

137 1852 220 1874 rzmt.
262 1843 341 1881 Lips.
379 1847 456 1874 1803
490 1846 541 1879 80,
582 1853 610 1880 p.
642 1851 703 1880 24,
738 1842 776 1872 N.
806 1854 872 1872 102.
928 1842 1013 1873 conf.
1046 1856 1068 1874 1.
1090 1856 1245 1874 wxcmxm
1273 1847 1379 1874 Schets
1403 1845 1422 1874 l.
1446 1845 1464 1874 l.
1489 1855 1517 1882 p.
1544 1847 1712 1875 165-168.
1759 1842 1799 1875 Ue

139 1903 214 1934 Bibl.
245 1902 311 1934 Vat.
342 1902 400 1932 sid.
437 1904 629 1942 Sctiptorum
664 1904 811 1931 Veterum
844 1904 938 1931 Nova
970 1904 1134 1940 collectio,
1167 1915 1182 1932 e
1219 1906 1295 1933 Vae.
1330 1906 1425 1933 codd.
1459 1905 1532 1933 edit.
1564 1904 1600 1934 ab
1624 1904 1700 1943 Ang.
1723 1905 1798 1936 Maio

138 1963 225 1993 Rom.
256 1966 330 1993 1831
369 1969 425 2000 40,
455 1962 501 1992 cui
528 1962 602 1991 inest
630 1960 720 1991 codd.
752 1961 865 1991 Arabb.
898 1960 1075 2000 catalogus,
1109 1972 1137 2000 p.
1166 1971 1245 2000 441,
1278 1963 1318 1993 N.
1351 1967 1408 2003 278
1440 1963 1514 1994 haec
1548 1975 1797 1996 commemorans:

135 2022 230 2054 »Cod.
252 2022 281 2052 in
311 2028 348 2057 40
378 2021 481 2051 Chart.
512 2020 562 2050 sol.
583 2022 633 2051 66.
675 2019 811 2050 Arabicis
833 2020 924 2051 literis
943 2025 972 2050 et
990 2031 1122 2051 sermone
1144 2027 1299 2060 exaratus,
1326 2023 1404 2053 inter
1427 2023 1516 2053 codd.
1536 2023 1572 2054 O.
1594 2024 1650 2062 O.,
1675 2035 1709 2055 ex
1729 2024 1798 2055 hae*

140 2082 289 2114 »reditate
311 2092 470 2111 nannum
493 2091 633 2110 nemum
657 2084 861 2118 comparatos,
885 2079 952 2109 olim
975 2085 1115 2118 octavus;
1145 2091 1202 2120 quo
1221 2083 1405 2113 continetur:
1452 2082 1616 2113 chronicon
1638 2083 1799 2116 Samarita-

141 2151 260 2180 nnum‚
284 2141 357 2171 alias
379 2140 453 2170 liber
477 2139 558 2170 losue
576 2144 778 2177 nuncupatum
793 2163 800 2177 ,
820 2139 857 2169 ab
876 2140 954 2169 exitu
974 2139 1098 2171 filiorum
1120 2140 1236 2172 IsraElis
1257 2152 1291 2172 ex
1313 2142 1445 2182 Aegypto
1466 2143 1503 2173 ad
1526 2156 1686 2174 namnam
1707 2144 1802 2183 Impe-

145 2200 271 2231 nratoris
300 2204 432 2238 tempora
460 2199 637 2238 deductum,
661 2208 676 2228 e
700 2210 868 2229 scansam
892 2198 997 2229 Codice
1023 2199 1117 2229 Acad.
1143 2199 1246 2238 Leid.,
1270 2200 1362 2231 literis
1388 2201 1582 2233 Samaritanis
1602 2207 1738 2241 exarato,
1763 2203 1800 2233 ab

144 2270 330 2291 nnAnmauo
352 2271 500 2290 nummo
533 2258 668 2289 Arabicis
699 2258 922 2289 characteribus
949 2263 977 2289 et
1010 2269 1143 2289 sermone
1169 2259 1368 2300 descriptum,
1399 2261 1447 2300 qui
1469 2266 1496 2291 et
1519 2262 1615 2292 varias
1636 2262 1671 2292 ad
1694 2263 1800 2302 margi-

146 2328 238 2349 »nem
268 2319 471 2349 annotationes
503 2322 531 2348 et
554 2317 771 2348 emendationes
792 2317 965 2357 adscripsit,
985 2323 1014 2348 et
1036 2319 1231 2350 correctiones
1253 2321 1385 2359 apposuit
1408 2325 1436 2351 et
1460 2321 1566 2352 iudicia
1588 2321 1716 2353 virorum
1736 2332 1801 2353 eru-

144 2377 295 2409 »ditorum
329 2388 449 2409 msrrm
471 2389 659 2417 scansam,
694 2389 769 2408 sam.
792 2389 973 2417 nocuum-1,
998 2388 1062 2409 rou.
1084 2390 1228 2418 nimum,
1252 2391 1319 2412 mc.
1340 2392 1520 2419 ramesen,
1546 2390 1646 2411 coNsr.
1669 2383 1802 2412 L'EMPE-
