2196 2950
1742 129 1788 164 77

489 719 1380 788 ADDENDA.

149 1289 198 1339 In
231 1319 285 1347 ea,
321 1319 398 1347 quae
421 1310 451 1340 ln
482 1309 681 1340 Annotatione
714 1320 742 1348 p.
776 1313 816 1340 52
849 1309 954 1339 [radidi
978 1309 1013 1339 de
1036 1311 1206 1349 Epistola,
1241 1322 1355 1349 quam,
1380 1321 1417 1339 ex
1442 1312 1565 1339 Oriente
1589 1316 1769 1350 acceptam;

102 1379 288 1399 rmnmucus
322 1381 452 1401 MAGNUS
486 1372 531 1399 acl
567 1382 588 1399 1.
622 1382 644 1399 1.
677 1381 944 1407 scnULTENsiUM,
969 1373 1117 1407 miserat,
1143 1368 1264 1399 ulterius
1286 1369 1467 1408 inquirenti,
1493 1368 1542 1401 Vir
1564 1369 1767 1408 Amplissimus

98 1440 124 1455 c.
150 1439 173 1458 1.
195 1439 430 1468 wancxnnacn,
466 1429 672 1468 integerrimus
705 1429 773 1459 olim
797 1442 830 1459 ιι.
853 1441 883 1459 Λ.
905 1440 1111 1459 senummsu
1136 1428 1267 1467 amicus,
1291 1428 1363 1459 mihi
1385 1429 1543 1460 succurrit.
1587 1431 1681 1459 Duas
1705 1439 1767 1459 me-

98 1497 164 1517 cum
194 1487 403 1520 humanissime
435 1488 665 1519 communicavit
689 1491 804 1529 Legati
826 1491 988 1519 Borussici
1011 1491 1056 1518 ad
1079 1501 1101 1518 1.
1125 1501 1147 1518 1.
1171 1499 1415 1519 SCHULTENSIUM
1439 1491 1622 1530 Epistolas,
1647 1498 1681 1518 ex
1702 1488 1769 1527 qul-

97 1546 152 1576 bus
195 1552 336 1586 apparet,
379 1551 557 1588 Epistolam
598 1551 688 1578 illam
724 1551 915 1578 orientalem
945 1548 982 1578 ab
1016 1560 1124 1578 nmen
1158 1560 1224 1578 Amr
1258 1548 1375 1579 missam
1409 1547 1517 1586 fuisse,
1550 1552 1676 1578 Persice
1706 1548 1767 1578 sine

96 1605 181 1636 dubio
211 1612 380 1646 exaratam;
412 1613 442 1638 at
474 1611 659 1649 quibusnam,
684 1612 822 1648 figuris,
858 1609 947 1647 ipsius
980 1607 1126 1645 Epistulae
1160 1608 1328 1647 apographo
1361 1618 1419 1638 non
1443 1612 1621 1646 conspecto,
1646 1607 1765 1638 definire

96 1674 154 1695 non
187 1667 290 1697 ausim.
344 1666 510 1697 Literarum
533 1667 690 1697 character
712 1676 746 1696 cx
769 1667 802 1697 iis
823 1666 910 1697 fuisse
930 1667 1046 1698 videtur
1069 1667 1242 1705 Scripturae
1265 1667 1446 1706 generibus,
1471 1677 1546 1706 quae
1569 1667 1676 1698 Persae
1699 1677 1767 1697 cum

95 1734 147 1755 sua
178 1725 278 1765 lingua
311 1731 340 1757 et
371 1726 532 1758 Islamismo
561 1726 662 1757 Indiae
682 1727 794 1766 populis
818 1727 1014 1758 tradiderunt.
1058 1726 1248 1756 Enumeravit
1269 1726 1321 1756 illa
1345 1738 1486 1757 cuannm
1509 1729 1652 1766 Voyages
1672 1725 1766 1756 Amst.

98 1788 174 1823 1735
208 1792 263 1823 40,
297 1790 375 1815 tomo
398 1785 459 1824 111,
492 1797 521 1824 p.
548 1790 614 1817 150.
667 1785 700 1816 In
723 1796 758 1816 ea
781 1786 868 1825 igitur
890 1786 1019 1824 Epistola
1044 1790 1143 1815 utrum
1166 1785 1299 1815 adhibita
1320 1785 1356 1815 sit
1379 1785 1544 1824 negligens,
1568 1784 1719 1823 implicata
1742 1790 1771 1815 et

95 1842 245 1881 inelegans
275 1843 451 1882 Scriptura,
487 1854 545 1882 qua
576 1844 683 1875 Persae
714 1849 836 1874 utuntur
867 1845 897 1875 in
931 1845 1148 1875 conscribendis
1178 1844 1327 1883 epistolis,
1365 1844 1482 1882 punctis
1504 1844 1662 1875 diacriticis
1685 1844 1764 1875 haud

95 1911 161 1931 raro
194 1902 353 1941 desiliam,
384 1913 473 1942 quam
504 1906 723 1941 schekestlzelz,
759 1904 786 1934 id
818 1908 861 1934 est
883 1908 1031 1942 fractam
1064 1904 1234 1942 appellant,
1269 1913 1286 1933 a
1309 1903 1353 1933 Cl.
1377 1915 1464 1933 mun.
1485 1914 1619 1935 W1LK1-:N
1642 1905 1764 1945 (Instit.

96 1963 141 1991 acl
156 1964 311 1999 fundam.
340 1965 467 2003 linguae
501 1967 650 1994 Persicae
672 1963 752 2002 Lips.
777 1966 854 1994 1805
877 1967 932 2003 80,
956 1974 985 2002 p.
1010 1975 1021 1994 ι
1038 1988 1046 2002 ,
1072 1963 1123 2003 2),
1149 1963 1194 1994 his
1217 1964 1279 1995 fere
1302 1963 1398 1994 verbis
1424 1963 1618 2000 adumbrata;
1644 1973 1682 1993 an
1708 1974 1759 2002 po-

94 2021 153 2052 tius
171 2021 324 2060 Scriptura
345 2027 450 2053 ornata
474 2027 503 2053 et
523 2023 733 2062 diplomatica,
758 2022 893 2053 ductibus
912 2022 1073 2063 magnificis
1096 2023 1174 2054 lectu
1192 2033 1333 2062 perquam
1353 2022 1496 2060 difficilis,
1524 2033 1583 2053 nou
1604 2023 1707 2061 liquet.
1727 2040 1765 2047 —

99 2084 323 2122 Opportunitas
346 2092 432 2121 porro
464 2086 492 2113 et
511 2086 673 2113 consilium
695 2083 833 2121 epistolae
854 2082 1081 2113 conscribendae
1102 2082 1219 2113 aliunde
1240 2092 1354 2122 quoque
1376 2081 1507 2112 nondum
1529 2081 1601 2112 mihi
1623 2082 1760 2113 innotuit.

92 2140 173 2171 Haec
206 2151 275 2173 vero
302 2141 481 2181 cogitantem
510 2142 656 2181 subeunt,
683 2152 757 2181 quae
793 2142 910 2173 omnino
937 2142 1077 2181 perpendi
1107 2146 1266 2172 merentur.
1311 2141 1371 2173 Viri
1391 2146 1461 2172 tunc
1484 2141 1521 2172 ob
1544 2141 1675 2172 anImum
1695 2152 1761 2173 ver-

93 2204 215 2238 santur,
243 2201 349 2232 aetatis
378 2211 448 2232 suae
481 2206 655 2232 ornamenta
689 2201 853 2240 praeclara.
897 2202 983 2232 Alter
1004 2201 1171 2240 Europam,
1203 2201 1304 2233 AsIam
1327 2201 1402 2232 alter
1417 2201 1447 2232 in
1469 2202 1513 2232 sui
1535 2201 1759 2232 admirationem

93 2258 252 2297 abripiens.
296 2260 396 2291 Rebus
426 2265 544 2292 strenue
575 2261 661 2301 gestis
691 2266 812 2300 uterque
844 2262 1042 2301 clarissimus,
1076 2272 1110 2292 ac
1138 2261 1245 2293 bellica
1268 2262 1378 2293 virtute
1400 2266 1428 2292 et
1447 2261 1561 2301 ingenio
1583 2261 1693 2300 pariter
1712 2262 1757 2292 in-

94 2317 193 2357 signis.
247 2317 301 2349 Ille
333 2319 483 2350 conditum
515 2330 639 2360 regnum
680 2320 837 2359 splendidis
866 2321 995 2354 victoriis
1022 2321 1194 2360 stabiliens,
1229 2326 1373 2360 tuensque
1406 2332 1423 2352 a
1463 2321 1667 2360 plerarumque
1698 2320 1759 2351 Eu-

90 2386 178 2417 ropae
208 2378 340 2418 gentium
371 2379 503 2419 impetu:
535 2380 582 2412 hic
613 2391 630 2411 a
665 2380 757 2412 milite
790 2380 850 2414 sere
881 2381 1014 2422 gregario
1030 2381 1165 2414 admotus
1185 2392 1299 2414 summo
1318 2381 1463 2421 imperio,
1492 2381 1567 2420 quod
1589 2380 1760 2412 fortitudine
