2196 2950
601 132 1298 167 ANNOTATIO.
1749 133 1794 167 75

116 248 189 274 lium
220 245 386 283 quicunque
420 244 619 282 perspiciant,
652 245 818 283 aequiorem
850 245 912 275 sine
939 245 1046 283 dubio,
1074 255 1163 283 quam
1192 255 1350 283 rorrtus,
1385 245 1421 275 de
1438 245 1516 275 illins
1536 245 1620 276 dictis
1643 247 1786 276 sententi-

121 315 167 334 am
196 298 301 335 ferent.
326 304 402 342 ,Qui
431 309 529 334 antem
563 304 678 335 easdem
708 313 776 334 cuin
808 314 920 333 vor-rto
946 304 976 334 in
1008 305 1053 335 his
1086 304 1189 335 studiis
1208 304 1337 335 rationes
1359 309 1539 343 sequantur,
1572 304 1602 334 hi
1625 305 1720 343 potius
1743 305 1787 336 sa-

121 369 239 395 tea‘ntur
267 359 416 403 ingenue,
440 365 570 402 m'ultzr,'
589 365 613 394 'si
643 375 702 394 non
737 362 899 403 pleraque,
928 373 1002 402 quae
1024 375 1217 393 numeratus
1238 364 1395 402 statuerit,
1418 374 1448 395 se
1468 365 1609 402 probare3
1639 365 1787 403 improba-

120 433 151 453 re
173 418 345 454 verebitis-2¹¹·
362 427 509 454 rationes.
542 422 610 453 Alie
624 423 711 454 *enim
724 448 732 462 ‚
748 424 804 462 qua
823 425 888 463 alii,
907 424 929 454 si
955 434 1148 453 amrmemus
1175 423 1221 453 via
1245 422 1373 461 incedit,
1389 423 1461 453 haec
1482 425 1635 456 nonnullos
1650 424 1767 463 quidem
1780 449 1787 463 ,

121 493 187 513 eum
210 482 329 513 minime
350 483 382 512 iu
404 491 532 513 errorem
561 474 652 513 d‘uxit.
696 483 772 514 Tam
791 493 862 515 sano
885 489 1003 522 tamque
1027 488 1115 514 acuto
1136 483 1241 514 iudicio
1263 483 1309 513 hic
1333 483 1482 522 praeditus
1501 488 1585 521 erat,
1600 489 1632 514 ut
1646 508 1653 522 ,
1677 485 1790 516 etiamsi

122 544 271 581 subsidia,
305 543 428 581 probata
461 536 581 581 multis,
620 544 707 575 missa
739 543 871 584 faceret,
906 544 997 576 stulta
1028 548 1115 582 atque
1144 544 1268 582 insana,
1292 544 1451 574 cuiusmodi
1471 544 1520 574 alii
1541 545 1787 584 enunciavcrint,

119 608 213 641 neque
246 603 406 641 amplecti,
445 613 540 642 neque
573 603 633 642 ipse
665 615 804 643 umquam
837 604 966 643 proferre
998 604 1146 642 potuisset.
1200 604 1257 634 Sed
1286 604 1355 645 quid
1384 605 1489 642 plura!
1544 605 1603 634 Alii
1631 605 1708 635 enim
1731 618 1787 635 na-

119 675 242 693 num-m
259 687 267 701 ,
301 663 353 693 has
378 665 543 694 Orationes
562 663 694 702 edentis,
714 675 834 695 causam
854 675 869 694 a
890 663 1082 703 quorumdam
1104 663 1275 694 iudiciorum
1298 664 1482 703 malignitate
1500 668 1528 695 et
1548 665 1692 702 imperitia
1714 669 1788 696 stre-

119 733 176 753 nue
208 723 267 754 iam
299 723 499 754 xindicnrunt.
545 723 621 754 Prae
654 724 718 755 aliis
745 724 1003 755 commemoranda
1039 728 1083 754 est
1116 723 1194 754 illius
1225 723 1330 762 Operis
1357 724 1506 762 Censura,
1541 733 1615 762 quae
1649 729 1743 755 exstat
1763 725 1792 754 in

124 785 246 813 Vrieml
263 785 316 814 cles
338 786 541 814 Vaderlanrls
560 784 618 815 vol.
634 785 663 815 Χ
681 809 689 823 ,
711 784 766 814 No.
787 784 825 815 IV
838 809 846 823 ,
868 796 896 826 p.
918 784 1167 825 2,44—-270;N0.
1183 785 1208 816 V
1221 809 1229 822 ,
1254 795 1281 822 p.
1295 787 1458 816 335—353
1472 796 1479 821 3
1493 783 1547 814 ΝΟ,
1569 783 1626 822 VI,
1651 795 1678 823 p.
1689 790 1788 820 403—

119 852 191 879 424.
234 842 286 874 Est
318 843 391 874 haec
411 844 570 882 tripartita.
616 844 715 874 Primo
741 855 913 875 minuimur
937 845 971 874 de
996 844 1131 874 universo
1154 844 1369 875 Grammatices
1389 844 1535 884 generalis
1556 844 1659 874 Studio
1681 845 1790 876 Obser-

121 903 253 933 vationes
280 903 410 933 breviter
436 908 465 933 et
490 904 643 942 perspicue
663 904 889 935 adumbrantur.
941 905 1072 943 Deinde,
1097 905 1165 943 quid
1190 915 1382 934 nmmxnnus
1405 904 1601 942 praestiterit,
1623 903 1788 942 indicatur,

120 967 183 993 tum
206 962 260 992 hoc
291 962 392 993 Studio
425 962 614 994 Nostratihus
643 964 897 1002 commendando,
921 969 1008 1003 atque
1030 965 1059 995 in
1082 964 1182 994 Patria
1206 969 1305 994 nostra
1326 964 1536 1002 instaurando,
1561 969 1623 994 tum
1645 964 1734 994 etiam
1756 974 1789 994 eo

120 1022 150 1051 iu
174 1022 344 1052 universum
366 1022 573 1060 amplificando
596 1033 630 1053 ac
653 1024 802 1054 nonnullis
824 1024 1042 1062 quaestionibus
1062 1024 1165 1055 melius
1185 1024 1349 1055 solvendis:
1375 1034 1431 1062 quo
1453 1023 1531 1054 sacto
1553 1023 1789 1062 demonstratur,

120 1093 294 1111 uniam-:nt
325 1086 504 1122 principia,
540 1093 616 1121 quae
652 1083 811 1121 dicuntur,
843 1084 954 1114 multae
986 1084 1054 1114 licet
1077 1084 1138 1114 eius
1162 1083 1362 1122 Etymologiae
1383 1083 1514 1121 cadant,
1538 1083 1656 1113 minime
1680 1083 1790 1120 everti,

122 1152 216 1180 neque
243 1142 303 1172 eius
325 1147 473 1180 systema,
508 1147 540 1172 ut
563 1143 664 1181 aiunt,
701 1143 777 1181 quod
797 1144 978 1182 condiderit,
1001 1153 1147 1174 corruere.
1192 1143 1342 1173 Postremo
1365 1142 1641 1174 Animadversiones
1661 1142 1691 1172 in
1712 1143 1789 1172 locos

121 1201 276 1231 nonnullos
308 1201 486 1240 traduntur,
522 1202 578 1240 qua
611 1203 851 1241 opportunitate,
885 1204 954 1234 dum
982 1203 1034 1235 Vir
1055 1203 1140 1233 Doct.
1164 1202 1309 1241 quaedam
1335 1202 1491 1232 emendare
1513 1207 1658 1240 conatur,
1682 1212 1787 1232 eorm

122 1263 278 1300 praecipue
301 1262 380 1293 dicta
402 1263 505 1293 merito
526 1263 763 1303 perstringuntur
778 1287 785 1301 ‚
809 1273 863 1294 nec
887 1273 955 1293 raro
974 1262 1051 1293 felici
1072 1273 1139 1293 cum
1160 1267 1267 1293 eventu
1289 1266 1479 1292 enervantur.

162 1321 196 1352 Ρ.
219 1330 270 1358 4ο.
292 1322 343 1352 lin.
363 1332 393 1359 4.
415 1333 431 1353 a
452 1322 501 1352 fin.
548 1325 639 1361 Quod
669 1331 773 1353 antem
803 1326 835 1352 ἰη
865 1325 982 1363 Anglis
1011 1327 1068 1353 cet.
1120 1322 1205 1354 Vidd.
1239 1322 1328 1352 ctiam
1353 1321 1431 1352 dIcta
1453 1321 1484 1352 in
1502 1323 1588 1352 Bibl.
1613 1324 1690 1353 Crit.
1711 1325 1793 1353 Nou.

123 1380 154 1419 1,
180 1391 208 1419 p.
230 1386 288 1422 173
310 1391 370 1420 seq.

162 1442 197 1472 P.
220 1450 269 1478 4¹·
293 1442 344 1471 lin.
365 1442 420 1472 ult.
471 1444 615 1472 Duorum
652 1445 787 1482 Operum
821 1447 885 1473 iam
905 1446 975 1480 sere
1008 1445 1228 1473 absolutorum.
1282 1441 1375 1472 Conff.
1409 1444 1518 1472 Akad.
1552 1445 1740 1481 Voorlez.p.
1761 1447 1788 1474 5.

122 1502 166 1532 De
203 1502 297 1532 studio
332 1513 507 1532 natu-sumu
542 1503 634 1540 posito
652 1502 682 1532 in
705 1503 802 1541 lingua
824 1501 1004 1533 Sanscritica
1028 1503 1147 1540 eiusque
1168 1502 1300 1532 dialectis
1327 1501 1405 1532 cons.
1430 1504 1535 1532 Catal.
1558 1504 1641 1532 Bibl.
1662 1514 1791 1532 ΗΔΜΛΕ.

122 1575 199 1602 pars
224 1572 252 1600 p.
278 1571 344 1598 114.
372 1561 446 1600 (No.
472 1563 549 1602 29),
578 1566 634 1592 115
659 1562 733 1601 (No.
754 1566 788 1593 31
811 1565 904 1600 seqq.)
926 1567 955 1592 et
981 1573 1036 1602 1¹9
1060 1561 1133 1599 (N0.
1159 1563 1232 1601 19);
1253 1566 1281 1591 et
1303 1561 1433 1600 quaestio
1453 1561 1583 1591 literaria
1604 1561 1641 1591 ab
1664 1573 1793 1592 nimrim.

123 1632 201 1653 anno
227 1626 304 1654 1835
337 1623 483 1661 pruposita
511 1622 539 1652 in
567 1632 703 1653 consessa
734 1622 881 1652 societatis
904 1621 1105 1651 Harlemensis
1132 1623 1273 1661 (Algem.
1307 1624 1394 1651 konst
1420 1634 1459 1651 en
1488 1622 1654 1650 letterbode
1689 1623 1788 1658 1836,

123 1681 177 1711 ΝΟ.
200 1694 237 1722 29
251 1682 275 1720 ).

166 1741 201 1772 P.
224 1746 273 1776 43.
298 1741 348 1771 lin.
375 1746 420 1772 13.
470 1744 585 1781 Sniqne
617 1743 855 1771 admirationem
885 1745 944 1770 cet.
989 1740 1169 1771 [hument
1192 1739 1299 1770 merita
1320 1750 1390 1771 cum
1413 1750 1430 1770 a
1454 1739 1648 1778 Popularibus
1669 1744 1732 1770 tum
1755 1741 1791 1770 ab

122 1801 236 1831 Exteris
268 1801 386 1830 maximi
424 1800 526 1830 habita
551 1810 631 1838 esse,
667 1800 770 1829 exinde
794 1805 937 1838 apparet,
967 1799 1043 1837 quod
1066 1810 1124 1829 non
1147 1799 1233 1829 modo
1254 1799 1385 1829 omnium
1408 1798 1469 1828 fere
1491 1799 1521 1828 in
1545 1798 1646 1828 Patria
1669 1803 1790 1838 nostra,

125 1861 173 1891 sed
208 1861 369 1891 multarum
402 1860 491 1889 etiam
523 1860 601 1889 inter
623 1859 764 1897 lixteros,
789 1858 980 1889 Eruditarum
1001 1858 1182 1888 Societatum
1205 1857 1260 1888 suit
1282 1857 1398 1888 sodalis.
1443 1856 1476 1887 In
1500 1857 1544 1887 his
1565 1857 1660 1888 Acad.
1682 1858 1793 1890 Scient.

126 1920 263 1958 Petrop.,
288 1919 394 1949 Societ.
416 1918 510 1949 Asiat.
532 1918 647 1956 Paris.,
671 1918 765 1949 Asiat.
786 1917 875 1948 Britt.
895 1923 953 1948 cet.

168 1979 308 2018 Reliquas
343 1990 515 2008 nmmum
551 1977 651 2008 laudes
683 1977 877 2008 celebrandas
908 1977 972 2007 aliis
994 1976 1131 2007 lubenter
1152 1975 1313 2007 committo.
1356 1976 1437 2006 Effici
1460 1981 1578 2015 possunt
1599 1977 1668 2007 illae
1691 1982 1719 2008 et
1742 1978 1794 2008 ali-

124 2039 202 2069 unde
234 2043 263 2069 et
297 2049 332 2069 ex
362 2037 554 2069 Orationibus
585 2037 695 2075 etiam,
731 2037 893 2068 vernacula
916 2036 1014 2075 lingua
1036 2036 1227 2075 conscriptis,
1253 2046 1348 2075 quae,
1380 2037 1409 2066 in
1432 2036 1580 2075 Operibus
1601 2037 1796 2068 Miscellaneis

125 2110 224 2130 omnes
257 2099 318 2130 sere
352 2099 459 2137 quippe
494 2098 611 2136 editae,
645 2101 676 2127 ut
711 2096 870 2135 aliquando
901 2096 930 2126 in
954 2106 1045 2126 unum
1068 2096 1204 2127 volumen
1228 2096 1423 2135 colligantur,
1446 2096 1533 2127 valde
1555 2096 1716 2134 optandum
1739 2102 1792 2127 est.

128 2160 267 2190 Veterum
301 2159 435 2198 Literas,
469 2157 642 2197 praesertim
674 2157 712 2187 Ο.
744 2157 800 2195 0.,
846 2156 875 2186 in
906 2156 1041 2188 Virorum
1073 2155 1174 2186 Doctt.
1203 2155 1329 2195 gratiam
1361 2155 1485 2194 Scriptis
1518 2155 1638 2187 eruditis
1672 2165 1795 2187 exorna-

127 2223 193 2256 tas,
228 2218 361 2248 omnibus
392 2227 506 2256 quoque
539 2217 625 2247 cultis
657 2215 823 2247 hominibus
856 2215 901 2246 his
931 2215 1123 2246 Orationibus
1154 2215 1381 2246 commendavit.
1434 2215 1552 2254 Septem
1574 2215 1723 2255 intellige,
1756 2225 1793 2246 ne

129 2282 281 2318 repetam,
304 2289 376 2318 quas
398 2288 486 2317 supra
508 2277 660 2316 recensui,
695 2276 730 2307 de
756 2279 930 2307 Sacontala
952 2280 980 2306 et
999 2277 1162 2305 Ferdzasio.
1185 2292 1223 2299 -
1248 2277 1328 2305 Over
1349 2277 1386 2305 de
1409 2282 1624 2305 uoornaamsce
1644 2277 1795 2305 our-zaken

129 2341 182 2367 der
215 2346 311 2368 eerste
340 2322 527 2379 nithreiding
548 2350 576 2369 ν.
599 2340 629 2366 Ῐι.
649 2339 708 2375 νῇλτ
726 2338 780 2366 cler
806 2339 995 2366 Saracenen.
1023 2336 1212 2375 (Recenserzt
1232 2338 1287 2365 ool:
1308 2337 1362 2365 der
1382 2338 1509 2366 Recens.
1533 2339 1630 2374 1814,
1653 2335 1707 2366 ΝΟ.
1727 2347 1743 2376 7
1766 2340 1796 2367 et

127 2398 171 2436 8).
190 2416 225 2421 —
246 2400 326 2428 Over
348 2401 407 2427 [len
424 2399 539 2428 Godcd.
565 2399 671 2427 Zedel.
691 2409 729 2426 en.
749 2399 910 2427 IWaatsclz.
933 2398 1056 2427 invloed
1073 2397 1143 2426 md.
1164 2397 1354 2425 Diclztknnsc
1367 2397 1580 2436 (sunemosyne
1602 2405 1691 2435 supra
1713 2395 1793 2426 laud.
