2196 2950
301 2280 311 2295 ἢ

337 170 380 203 IS
810 165 1551 201 '1¹.G.1.115YNBOLL

335 294 390 315 sas
441 288 475 315 et
516 293 653 322 nexus,
700 280 832 323 quibus
882 292 940 313 res
988 281 1148 325 singulae
1195 282 1495 323 continerentur,
1538 280 1730 324 indagavit.
1795 281 1898 323 Quae
1936 283 2027 316 ratio

337 353 440 380 caute
476 346 662 387 instituta,
700 345 884 389 iucunda,
932 346 1058 390 digna,
1096 347 1200 379 unice
1237 358 1324 379 vera
1359 351 1438 388 cst,
1475 351 1511 378 et
1546 346 1733 378 horridum
1768 346 2028 391 spinosumque

338 422 526 455 campum,
569 421 675 454 quem
708 422 851 444 CLERICI
887 411 1118 457 Opusculum
1151 412 1289 454 refert,
1328 413 1364 444 in
1392 411 1538 444 hortum
1561 423 1750 444 amoenum
1771 411 2028 446 transformat:

337 487 407 520 quo
446 475 694 520 perlustrato,
737 475 869 509 Po'e'tae
907 478 983 509 sine
1018 478 1157 519 taedio,
1196 477 1283 520 quin
1321 488 1460 508 summa
1495 488 1575 509 cum
1615 477 1802 522 voluptate
1841 478 2028 522 leguntur.

337 542 458 575 lIuius
495 547 616 575 autem
655 541 767 575 Metri
795 544 923 575 notitia
958 549 1012 576 est
1048 543 1259 587 multiplicis
1298 555 1398 575 usus.
1461 543 1553 576 Cum
1586 542 1750 587 Arabes,
1786 546 1821 578 in
1857 546 1923 578 hoe
1964 557 2031 578 ex-

337 607 521 651 cogitando
569 613 605 639 et
650 606 867 651 perficiendo
911 620 1017 640 suum
1060 608 1132 653 ipsi
1172 609 1354 652 ingenium
1395 610 1534 652 secuti,
1571 610 1668 654 digni
1702 610 1926 644 Graecorum
1972 623 2032 644 es—

338 679 415 705 sent
458 672 614 714 aemuli,
658 672 883 705 Graecorum
935 674 1041 706 etiam
1092 674 1286 707 Prosodiae
1335 680 1370 707 et
1408 675 1528 707 Metro
1571 676 1795 709 illustrandis
1832 677 1922 710 illud
1957 688 2027 709 nou

341 738 455 770 solum
492 738 663 780 inservit,
703 738 765 771 sed
797 737 919 771 Metra
949 739 1126 781 Arabica,
1170 738 1461 783 pulchritudino,
1502 740 1624 775 nativo
1654 740 1798 785 colore,
1830 747 1933 787 grata
1965 754 2032 775 va-

340 803 468 835 rietate
507 803 683 846 insignia,
735 803 963 836 Carminibus
1008 803 1254 836 incredibilem
1295 805 1432 837 addunt
1468 805 1704 849 elegantiam,
1745 806 1958 840 suavitatem
1997 813 2032 840 et

344 870 598 912 festivitatem,
648 875 756 913 atque
808 870 845 902 in
893 876 1002 903 textu
1045 876 1142 903 certe
1186 871 1436 904 constituendo
1487 883 1661 904 summam
1697 872 1891 904 utilitatem
1922 883 2034 917 prae-

344 942 451 969 stant.
513 936 745 969 llummzmrs
793 936 884 969 hanc
930 937 976 970 ob
1017 949 1159 970 causant
1198 943 1354 970 metrum
1382 937 1518 981 ubique
1552 938 1622 970 iam
1656 938 1808 970 attendit
1842 938 1878 970 in
1915 938 2034 982 primo

344 1014 410 1035 suo
443 1002 566 1046 Opere
604 1001 786 1045 Arabico,
839 1003 1042 1047 Specimine
1077 1003 1258 1047 Catalogi;
1297 1015 1452 1048 eumque
1493 1005 1704 1036 interiorem
1742 1016 1823 1037 cum
1860 1015 1901 1037 eo
1936 1005 2035 1037 noti—

348 1069 430 1100 tiam
475 1067 600 1099 deinde
647 1067 713 1099 sibi
761 1070 980 1101 contraxisse
1026 1075 1062 1102 et
1107 1070 1255 1102 Scholae
1293 1070 1500 1102 indicarunt
1536 1070 1790 1113 Academicae,
1827 1075 1863 1103 et
1892 1071 2035 1115 Scripta

346 1134 420 1166 cius
457 1133 657 1165 recentiora
695 1135 780 1166 satis
811 1140 1005 1168 testantur.

395 1199 555 1231 Eatenus
589 1211 734 1243 quoque
770 1199 922 1233 Patrum
948 1207 1157 1235 nostrorum
1185 1204 1352 1236 nonnulli
1373 1204 1542 1236 laudandi
1568 1208 1651 1236 sunt
1667 1227 1676 1244 ,
1701 1202 1799 1246 quod
1815 1213 1896 1235 cum
1916 1201 2037 1235 Poetis

350 1264 619 1297 Grammaticos
666 1277 737 1298 non
784 1267 887 1299 modo
938 1268 1126 1310 diligenter
1163 1268 1351 1312 legerent,
1395 1270 1476 1311 sed,
1522 1274 1564 1301 ut
1612 1269 1827 1312 praesertim
1872 1269 2038 1312 proximo

350 1330 495 1372 seculo,
532 1331 666 1374 publici
715 1332 804 1364 iuris
842 1331 1014 1365 facerent.
1082 1333 1226 1366 Horum
1269 1340 1388 1367 tamen
1425 1335 1608 1377 studium,
1650 1334 1812 1367 severius
1841 1345 2039 1377 numquam

350 1397 634 1428 commendatum
657 1422 666 1439 ‚
725 1399 903 1441 quomodo
953 1399 1194 1443 instituatur,
1239 1401 1396 1434 multum
1450 1401 1582 1434 differt.
1650 1402 1687 1433 Si
1732 1412 1827 1433 nnnc
1869 1411 2037 1444 quoque,

352 1461 446 1504 quod
477 1472 639 1494 ALBERTO
676 1473 915 1495 SCHULTEsto
949 1464 997 1506 (in
1038 1466 1155 1507 notis,
1191 1465 1368 1498 Hamasae
1407 1467 1599 1510 Excerptis
1636 1465 1844 1508 subiectis),
1888 1465 2040 1509 aliisque

352 1526 427 1558 eius
483 1526 694 1570 aequalibus
749 1527 866 1559 minus
924 1528 1010 1561 vitio
1059 1534 1251 1572 vertatur,
1301 1531 1329 1563 si
1382 1543 1504 1573 nunc,
1553 1532 1724 1574 inquam,
1782 1530 2041 1563 difficilioribus

356 1592 438 1623 locis
475 1592 637 1634 omissis,
683 1604 742 1624 eos
770 1593 874 1625 modo
910 1605 953 1625 ex
991 1593 1242 1628 Grammaticis
1279 1597 1502 1640 delibemus,
1541 1598 1604 1641 qui
1639 1597 1823 1630 intellectu
1862 1603 1947 1630 sunt
1984 1597 2042 1633 fa-

354 1656 516 1697 ciliores;
557 1658 585 1688 si
631 1669 740 1701 porro
781 1658 845 1690 hos
890 1659 1021 1702 duces,
1067 1672 1174 1705 saepe
1209 1662 1380 1704 fallaces,
1421 1674 1609 1695 coecorum
1646 1663 1783 1704 instar,
1819 1673 2041 1706 sequamur,

357 1723 443 1765 quid
479 1734 576 1754 nunc
604 1723 647 1754 de
680 1723 742 1755 tali
778 1725 1121 1768 praetermissione,
1154 1728 1240 1770 quid
1273 1728 1316 1760 de
1348 1729 1410 1761 tali
1436 1729 1683 1774 imprudentia
1718 1729 1831 1761 dicam
1867 1741 1913 1761 an
1946 1730 2043 1762 stul-

360 1795 392 1820 ta
437 1788 648 1821 credulitate
696 1790 954 1823 iudicandum?
1019 1792 1092 1825 Ista
1136 1805 1221 1826 vero
1267 1806 1374 1838 quam
1421 1796 1527 1827 noxia
1573 1801 1626 1828 est
1671 1796 1786 1827 iustae
1833 1795 2041 1827 Carminum

357 1855 587 1898 omniumque
626 1856 853 1900 Scriptorum
883 1857 1196 1902 interpretationi!
1261 1860 1386 1904 ltaque
1415 1871 1633 1893 nmmxssaus
1668 1872 1749 1892 cum
1781 1861 1925 1905 optimis
1959 1861 2045 1904 quj-

357 1921 496 1964 busque
536 1927 681 1954 nostrae
723 1924 849 1955 aetatis
904 1924 1098 1968 Philotogis
1147 1938 1290 1968 magnas
1334 1927 1464 1959 horum
1512 1926 1841 1959 Grammaticorum
1889 1928 2044 1960 virtutes

361 1988 504 2018 omnino
543 1987 792 2031 praedicabat,
837 2001 970 2034 cosque
1019 1991 1057 2022 in
1110 1990 1297 2024 llistoricis
1340 1993 1446 2025 etiam
1495 1998 1531 2026 ct
1564 1992 1823 2037 Geographicis
1859 1994 2044 2037 permagni

362 2052 536 2093 faciebat,
585 2054 643 2085 sed
689 2054 794 2086 simul
845 2056 1057 2099 agnoscebat
1096 2059 1301 2090 eorumdem
1348 2059 1436 2092 vitia
1484 2064 1520 2091 et
1560 2058 1733 2092 desectus.
1798 2058 1898 2091 Ilaec
1925 2064 2045 2091 autem

363 2117 458 2161 apud
495 2117 630 2150 Arabes
659 2120 779 2152 eadem
813 2127 898 2154 sunt
933 2129 1042 2166 atque
1081 2124 1178 2167 apud
1215 2136 1336 2156 omnes
1376 2123 1552 2168 Veteres,
1592 2125 1721 2167 Indos,
1749 2124 1935 2166 Graecos,
1969 2123 2046 2156 Ro-

364 2195 513 2225 manos,
551 2184 711 2217 Iudaeos.
777 2187 911 2221 Omnes
949 2188 1085 2221 nnllam
1124 2195 1187 2221 aut
1228 2202 1436 2234 perversam
1472 2191 1705 2224 dialectorum
1743 2190 2045 2235 comparationem

367 2250 585 2293 instituunt,
618 2252 781 2284 nativum
814 2253 958 2297 linguae
997 2255 1206 2299 ingenium,
1253 2257 1443 2300 pristinam
1476 2269 1598 2290 rerum
1634 2257 1870 2289 conditionem
1907 2261 1943 2288 et
1981 2267 2048 2288 ne-

368 2326 435 2346 xus
479 2321 542 2347 aut
585 2316 771 2361 negligunt
822 2330 999 2363 prox-5115,
1052 2327 1113 2353 aut
1153 2332 1222 2353 non
1257 2322 1342 2353 satis
1383 2327 1525 2365 teuent,
1557 2323 1675 2355 omnia
1707 2322 1861 2366 denique
1902 2320 1945 2353 ab
1977 2332 2050 2353 una

374 2386 507 2414 tantum
552 2389 654 2428 parte
689 2384 927 2418 considerant.
982 2386 1074 2428 Quis
1107 2393 1184 2430 cst,
1213 2389 1274 2432 qui
1315 2389 1348 2420 in
1375 2389 1546 2422 eiusmodi
1574 2388 1832 2433 Magistrorum
1854 2388 1965 2421 verba
1989 2389 2049 2420 iu-
