2196 2950
692 710 1694 780 ANNOTATIO.

409 1323 466 1373 P·
507 1345 535 1372 8.
567 1341 618 1372 lin.
655 1351 703 1372 10.
735 1351 752 1371 a
785 1341 851 1371 fine.
880 1344 935 1372 sed
969 1358 1008 1363 —
1032 1345 1103 1379 suit
1129 1341 1194 1373 Vid.
1225 1352 1352 1371 onsENu
1380 1341 1489 1371 Gesch.
1512 1342 1544 1370 d.
1576 1342 1673 1371 Hebr,
1696 1342 1827 1381 spraclze
1853 1352 1883 1369 u.
1903 1342 2025 1378 schrift.

337 1402 436 1440 Leipz.
471 1406 569 1440 1815,
601 1412 629 1441 p.
664 1404 719 1432 126
743 1412 802 1440 seq.
823 1407 853 1432 et
876 1414 1030 1432 wumtm
1059 1404 1166 1432 Schets
1193 1415 1253 1432 ιάη
1277 1403 1336 1431 den
1359 1408 1447 1431 stant
1468 1401 1523 1430 der
1547 1401 1584 1431 Ο.
1608 1402 1690 1431 liter.
1708 1404 1741 1430 in
1763 1401 1912 1430 IIolland
1931 1403 1963 1429 in
1985 1402 2021 1429 de

340 1465 374 1491 18
399 1474 493 1491 eeuw.
517 1460 665 1501 (Werkcn
691 1471 720 1491 v.
740 1461 769 1490 d.
787 1464 820 1492 3e
842 1461 878 1492 cl.
903 1472 930 1492 v.
949 1461 980 1491 h.
1004 1461 1080 1492 Kon.
1104 1460 1225 1491 Nederl.
1248 1460 1319 1491 Inst.
1343 1459 1370 1490 Il
1391 1471 1424 1499 p·
1445 1459 1530 1500 229).

378 1519 411 1549 P.
435 1524 464 1549 8.
486 1519 537 1550 lin.
560 1529 591 1556 4.
615 1530 631 1550 a
656 1519 676 1549 s.
702 1530 816 1550 105131‘11.
837 1531 919 1550 msT.
940 1532 1103 1551 scaniam.
1147 1520 1204 1550 Hic
1230 1519 1367 1550 Studium
1403 1519 1571 1549 Literarum
1601 1518 1638 1549 Ο.
1659 1518 1697 1548 O.
1731 1519 1761 1548 in
1791 1518 1894 1549 Patria
1921 1523 2021 1549 nostra

333 1579 442 1619 primus
474 1580 633 1618 excitavit,
668 1580 785 1618 eiusque
819 1591 877 1610 non
906 1580 992 1610 modo
1020 1580 1168 1610 Patronus
1199 1584 1263 1610 erat
1283 1579 1427 1619 insignis,
1449 1578 1499 1610 sed
1521 1578 1546 1608 ei
1568 1588 1682 1617 quoque
1706 1579 1767 1617 ipse
1791 1589 1911 1619 operam
1933 1578 2024 1609 dedit.

334 1638 418 1675 Quod
449 1643 481 1669 ut
513 1644 635 1677 apparet
668 1649 702 1670 ex
734 1640 869 1670 omnibus
903 1641 965 1670 eius
997 1640 1159 1678 Operibus,
1193 1645 1280 1678 atque
1316 1650 1350 1669 ex
1375 1638 1516 1670 Codicum
1538 1639 1578 1669 M.
1594 1638 1624 1669 S.
1645 1638 1677 1668 S.
1699 1638 1860 1677 thesauro,
1883 1649 1940 1677 quo
1958 1643 2021 1677 post

332 1703 455 1728 mortem
477 1697 690 1729 Bibliothecam
715 1699 748 1729 L.
780 1699 816 1730 B.
841 1699 981 1737 donavit,
1013 1700 1054 1729 ita
1076 1699 1161 1729 huius
1182 1698 1278 1729 Studii
1300 1698 1443 1729 fautorem
1463 1708 1525 1729 sese
1541 1698 1687 1739 praestitit
1711 1700 1742 1728 in
1764 1710 1903 1728 zum-:mo
1928 1698 1965 1728 ad
1986 1699 2022 1728 il·

332 1758 380 1787 lud
412 1757 598 1796 perducendo
630 1763 658 1788 et
688 1759 817 1789 consiliis
845 1758 903 1789 suis
931 1764 1019 1797 atque
1053 1759 1159 1788 auxilio
1189 1758 1358 1788 Literarum
1392 1757 1429 1788 Ο.
1451 1756 1488 1787 Ο.
1514 1757 1682 1788 amantibus
1701 1767 1863 1795 numquam
1886 1768 1944 1787 non
1966 1757 2021 1787 im-

331 1817 502 1854 perliendis.
541 1817 606 1849 Vid.
635 1831 672 1850 Μ.
702 1830 920 1858 smonsnnex,
945 1819 1005 1849 Viri
1037 1819 1081 1850 Cl-
1105 1820 1325 1849 Gesclziedenis
1348 1820 1404 1847 der
1428 1819 1580 1848 Leidsclze
1604 1819 1841 1858 IIwgeschool,
1866 1816 1898 1855 I,
1921 1827 1948 1854 p.
1974 1822 2020 1849 13.

331 1877 376 1915 ll,
401 1888 430 1915 p.
455 1889 511 1916 10,
537 1889 595 1917 12,
622 1890 676 1919 19,
703 1891 740 1919 79
764 1889 824 1917 seq.

374 1936 407 1966 P.
431 1941 459 1967 8.
482 1937 533 1967 lin.
555 1946 584 1974 4.
607 1948 623 1967 a
647 1937 667 1967 s.
690 1946 720 1968 et
745 1949 880 1968 »τω-5ης
903 1947 1015 1968 noster.
1060 1937 1158 1976 Issum
1182 1937 1244 1967 eius
1271 1947 1377 1967 nomen
1399 1941 1464 1967 erat
1488 1947 1651 1966 xorusses
1672 1947 1735 1966 vax
1763 1948 1824 1965 nes
1850 1946 2018 1966 mussent.

330 1997 452 2027 Praeter
475 1997 606 2036 linguam
625 1997 821 2035 Ilebraicam,
845 1997 1040 2028 Chaldaicam
1071 1997 1140 2028 item
1178 2002 1206 2027 et
1235 1997 1387 2036 Syriacam
1417 1997 1464 2028 hic
1489 1996 1518 2027 in
1544 1996 1644 2035 primis
1665 1996 1779 2035 coluit,
1801 2006 1958 2035 omnesque
1980 1997 2017 2025 il-

328 2058 370 2086 las
401 2068 467 2087 cum
502 2057 536 2087 L.
556 2057 593 2088 Β.
615 2057 715 2088 docuit
740 2060 977 2096 (smonxnrzx,
1002 2058 1020 2087 l.
1042 2057 1061 2087 l.
1082 2056 1115 2096 Ι,
1140 2067 1168 2096 p.
1193 2062 1240 2089 32.
1265 2056 1311 2095 11,
1333 2067 1360 2096 p.
1381 2058 1456 2098 57),
1480 2062 1543 2088 tum
1564 2067 1635 2087 vero
1656 2056 1765 2094 etiam,
1797 2057 2015 2095 Franequeram

329 2116 465 2154 delatus,
498 2117 526 2146 in
560 2117 676 2148 easdem
703 2118 820 2149 naviter
852 2117 1027 2148 incumbere
1047 2118 1184 2156 perrexit.
1239 2118 1305 2148 Non
1339 2118 1470 2156 pendeus
1490 2128 1507 2148 a
1538 2117 1606 2148 solis
1638 2116 1813 2147 Iudaeorum
1848 2116 2013 2155 magistris,

326 2177 514 2207 Versionibus
540 2178 698 2216 Antiquis‚
739 2178 768 2208 in
800 2178 846 2208 hisi
872 2178 999 2208 maxime
1023 2177 1156 2208 Graecae
1174 2178 1412 2217 Alexandrinae,
1437 2179 1641 2218 Aquilaeque,
1664 2178 1835 2216 Symmachi
1859 2188 1892 2208 ac
1916 2177 2015 2208 Theo-

328 2237 450 2267 ‹lotionis
471 2237 618 2275 reliquiis,
641 2237 755 2268 summa
775 2249 842 2269 cum
861 2237 932 2268 cura
952 2238 1104 2276 collectis,
1127 2243 1156 2268 et
1175 2237 1310 2276 Scriptis,
1321 2251 1509 2269 uitnosx'm
1532 2238 1712 2278 permultum
1733 2247 1839 2276 operae
1861 2237 2014 2276 impendit.

330 2296 527 2327 Conferantur
556 2297 640 2327 modo
672 2297 755 2328 varia
782 2297 843 2327 cios
874 2298 1043 2336 Opuscula,
1076 2306 1104 2327 et
1128 2298 1246 2328 seorsim
1266 2298 1364 2337 edita,
1389 2307 1418 2328 et
1433 2299 1592 2329 maximam
1612 2303 1725 2336 partem
1747 2297 1775 2327 in
1803 2299 1927 2327 Criricis
1953 2300 2013 2328 Sa-

329 2361 387 2385 cris
412 2357 460 2395 (de
482 2357 588 2396 quibus
610 2357 670 2387 xid.
693 2369 799 2387 crsnx.
821 2358 912 2395 l.l.p,
929 2360 997 2396 115)
1020 2362 1157 2396 recepta;
1181 2359 1300 2387 inedita
1325 2367 1438 2396 quoque
1460 2358 1600 2388 nonnulla
1615 2382 1623 2395 ,
1647 2367 1722 2395 quae
1741 2367 1807 2387 cum
1831 2357 1911 2388 libris
1933 2357 2013 2388 haud

329 2419 449 2456 paucis,
487 2419 626 2460 perpetua
654 2419 742 2457 ipsius
773 2419 962 2448 annotatione
993 2418 1160 2455 instructis,
1195 2417 1225 2446 in
1250 2416 1434 2448 Bibliotheca
1456 2417 1686 2456 Franeqnerana
1713 2422 1880 2448 servantur.
1924 2417 2012 2448 Hune

331 2488 436 2506 rursu
459 2484 633 2516 apparatum
655 2478 829 2509 Literarium
845 2502 852 2516 ,
877 2478 954 2508 lectu
975 2478 1040 2508 licet
1064 2478 1235 2516 plerumque
1260 2476 1478 2517 difficillimum,
1495 2477 1714 2509 accuratissime
1728 2482 1826 2509 tamen
1841 2502 1849 2516 ,
1869 2482 2010 2516 quantum
