2196 2950
740 164 1188 200 ORATIO.
1766 164 1807 198 13

107 279 159 312 dis
203 279 432 313 inserviendi.
505 277 545 310 In
595 277 726 321 quibus
774 277 946 322 privatim
995 280 1102 311 etiam
1143 279 1310 311 docendis
1354 283 1389 310 et
1437 277 1670 310 informandis
1713 277 1804 310 nulli

106 347 260 391 tempori
303 345 369 378 sibi
406 343 627 388 parcendum
673 354 750 375 esse
779 345 907 376 merito
940 343 1199 377 arbitrabatur.
1253 343 1361 385 Quod
1401 355 1482 375 cum
1516 344 1551 375 in
1593 343 1803 375 memoriam

106 422 259 452 revoco,
298 419 426 452 magna
465 408 653 453 voluptate
687 408 847 440 animum
885 421 1004 443 mcum
1042 409 1213 454 perfundi
1239 409 1366 440 sentio.
1422 407 1463 439 In
1490 414 1644 441 mentem
1671 409 1803 441 iterum

106 478 257 511 veniunt
305 476 415 508 horae
455 474 538 507 illae
577 474 830 517 suavissimae,
868 475 1103 517 innumerae,
1140 474 1185 506 ad
1219 485 1309 518 quas
1336 473 1524 505 nobiscum
1556 474 1803 517 transigendas=

105 552 246 585 semper
280 546 447 586 paratus
496 545 597 581 erat3
638 540 747 572 horae
782 542 996 584 praesertim
1027 541 1108 573 illac
1143 540 1397 584 vespertinae,
1438 551 1527 583 quas
1565 540 1692 582 quavis
1727 540 1804 572 dic—

109 619 186 639 rum
226 606 444 639 hebdomade
489 605 714 650 paucissimis
760 604 924 638 nostrum
959 617 1099 638 summa
1130 616 1211 638 cum
1246 604 1462 637 liberalitate
1492 604 1618 648 largiri
1655 604 1802 637 solebat.

104 672 234 705 Virum
278 677 364 704 tunc
413 672 534 706 videre
572 671 656 703 mihi
711 671 832 705 videor
882 672 1010 713 talem,
1065 670 1208 714 qualem
1256 670 1378 714 ipsum
1428 669 1549 703 videre
1609 671 1802 713 perpaucis

104 739 274 782 contigit:
312 739 431 772 virum
480 749 562 770 cum
597 737 726 770 dilecta
760 749 875 770 uxore
909 738 1105 781 liberisque
1140 736 1396 769 amantissimis
1436 736 1547 767 amice
1583 736 1804 780 comiterque

103 816 169 837 uos
204 804 463 848 excipientem,
509 803 667 835 iucunda
705 802 995 836 confabulatione
1025 803 1288 844 delectantem,
1319 808 1451 845 atquc,
1485 802 1621 845 apertis
1659 801 1805 834 uberri—

100 882 178 903 mae
218 870 401 902 doctrinae
432 869 587 911 divitiis,
624 868 823 902 utilissimis
860 868 1086 902 sermonibus
1119 880 1183 900 nos
1225 869 1261 900 in
1284 868 1555 900 admirationem
1589 868 1801 911 rapientem.

102 935 267 979 Namque
301 946 374 967 non
412 934 632 978 loquebatur
670 934 773 966 modo
810 935 853 966 de
889 935 1061 967 litorariis
1102 934 1399 978 quaestionibus,
1438 946 1564 968 verum
1605 935 1712 967 etiam
1748 947 1804 967 res

102 1012 169 1045 per
206 999 330 1032 orbem
364 1005 547 1032 terrarum
581 1005 702 1043 gestae
740 1001 884 1044 saepius
922 1001 957 1033 iu
995 1013 1141 1033 censum
1174 1001 1380 1034 veniebant.
1443 999 1500 1032 De
1530 1000 1662 1044 quibus
1691 1013 1804 1044 quum

100 1066 318 1109 dissereret,
371 1072 533 1098 nostram
587 1071 741 1098 aetatem
800 1077 844 1098 cx
891 1067 1110 1110 antiquitate
1160 1067 1346 1099 illustrans
1391 1071 1426 1098 et
1472 1067 1673 1098 recentiora
1721 1078 1802 1098 cum

99 1132 262 1176 pristinis
302 1132 514 1175 conferens,
554 1132 613 1165 vix
656 1132 724 1164 diei
768 1137 908 1176 potest,
948 1138 1120 1176 quantam
1149 1133 1231 1164 hinc
1272 1133 1544 1177 perciperemus
1584 1132 1798 1173 utilitatem,

101 1203 253 1241 quantas
302 1198 581 1240 delectationes;
624 1202 796 1241 quantam
839 1199 995 1242 denique
1038 1199 1075 1230 in
1111 1199 1164 1230 his
1205 1199 1283 1242 ipse
1317 1210 1418 1230 suam
1449 1198 1622 1242 proderet
1655 1199 1802 1241 perspi—

102 1264 313 1306 cacitatem,
359 1264 563 1308 praesentia
600 1269 636 1295 et
668 1264 865 1308 praeterita
894 1264 944 1296 ita
980 1264 1203 1308 perspiciens
1231 1268 1266 1296 et
1298 1269 1537 1305 connectens,
1580 1268 1621 1295 ut
1651 1262 1801 1295 futuro—

101 1341 191 1367 rtun
222 1341 339 1373 augur
383 1329 479 1361 haud
518 1340 634 1363 vanus
680 1329 788 1373 vulgo
839 1330 1022 1362 existeret.
1085 1328 1207 1361 Libris
1243 1335 1364 1361 autem
1406 1329 1587 1371 evolutis,
1626 1328 1801 1372 nobisque

100 1396 136 1428 in
182 1394 371 1428 Orientem
408 1396 541 1428 iterum
587 1395 800 1437 translatis,
858 1397 1014 1439 quisquc
1044 1407 1172 1428 rursus
1204 1395 1384 1439 pendebat
1420 1395 1464 1427 ab
1501 1405 1564 1427 ore
1599 1394 1680 1437 illo,
1716 1394 1797 1427 son-

97 1462 142 1493 tis
190 1461 305 1494 instar
352 1462 544 1505 perennis,
569 1461 728 1493 dulcium
763 1472 941 1504 aquarum
975 1462 1114 1505 copiam
1151 1461 1360 1493 emittentis.
1423 1461 1689 1504 Argumentum
1721 1473 1800 1494 sae-

102 1538 148 1571 pe
193 1532 270 1560 erat
318 1526 579 1559 difficillimum.
640 1526 720 1558 Hoc
760 1538 845 1560 vero
895 1532 1004 1570 atque
1040 1526 1330 1570 impeditissimas
1371 1537 1533 1570 quasque
1573 1527 1799 1569 quaestiones

102 1593 152 1624 ita
176 1591 378 1636 exponebat
409 1597 444 1624 et
479 1591 717 1635 expediebat,
747 1597 788 1624 ut
819 1604 922 1624 nemo
960 1603 1131 1634 umquam
1166 1591 1308 1633 abiret,
1344 1592 1439 1633 nisi,
1462 1591 1612 1623 sublatis
1643 1591 1799 1623 difficul—

102 1657 259 1700 tatibus,
292 1658 484 1701 animoque
520 1657 570 1689 ita
590 1657 784 1701 perculso,
806 1663 847 1690 ut
880 1662 1067 1702 stuporem
1091 1661 1256 1689 nostrum
1276 1681 1285 1698 ,
1316 1667 1357 1689 ea
1384 1658 1576 1700 memoria,
1603 1663 1639 1689 ct
1663 1657 1799 1689 doctri-

105 1735 176 1766 na,
208 1735 248 1757 eo
283 1724 412 1755 iudicio
449 1728 484 1755 et
515 1723 656 1766 ingenio
692 1724 911 1765 excitatum,
946 1722 1064 1756 verbis
1097 1722 1173 1754 sere
1211 1723 1401 1754 enuntiare
1427 1734 1500 1754 nou
1522 1735 1721 1767 possemus.
1751 1742 1800 1747 ——

103 1789 171 1822 Sed
216 1794 463 1834 cognoverunt
505 1787 678 1821 Vestrum
722 1789 916 1833 plerique,
962 1793 1187 1833 quantopere
1234 1788 1302 1832 ipsi
1344 1788 1529 1832 placerent
1556 1800 1702 1831 omnes,
1735 1790 1797 1832 qui

107 1856 153 1887 ().
183 1854 229 1887 O.
257 1854 465 1887 Literarum
492 1865 619 1886 causae
656 1855 932 1898 prospicerent,
965 1860 1001 1888 et
1028 1866 1135 1898 quam
1173 1854 1350 1898 benignus
1378 1860 1472 1886 essct
1498 1855 1564 1896 iis,
1591 1855 1653 1898 qui
1676 1855 1711 1886 in
1734 1855 1796 1887 has

103 1921 221 1954 dedita
264 1932 375 1965 opera
419 1920 681 1952 incumberent.
747 1920 844 1952 Hinc
880 1921 923 1953 iis
953 1921 1153 1965 Discipulis
1186 1921 1336 1953 intimus
1369 1926 1447 1953 erat
1483 1922 1642 1963 amicus,
1679 1926 1793 1965 utque

104 1986 167 2018 hos
194 1985 390 2018 liberorum
416 1986 530 2018 instar
562 1985 726 2028 amabat,
766 1986 816 2018 ita
847 1997 972 2018 eorum
1009 1986 1134 2027 etiam,
1170 1986 1287 2029 quoad
1326 1992 1474 2030 posset,
1507 1992 1611 2031 pater
1649 1992 1727 2019 erat
1760 1993 1794 2019 ct

103 2051 251 2084 suturae
281 2051 460 2084 felicitatis
492 2056 631 2084 auctor.
684 2051 716 2084 Τ
718 2051 783 2084 alis
824 2051 910 2083 mihi
942 2049 1034 2093 suit,
1074 2051 1154 2084 talis
1187 2051 1287 2083 aliis!

153 2117 353 2162 Discipulis
399 2117 496 2160 illis,
546 2117 611 2149 hac
644 2117 817 2150 interiore
851 2117 1005 2149 amicitia
1041 2116 1271 2159 fruentibus,
1315 2123 1569 2161 argumentum
1602 2117 1794 2152 elaborau—

107 2183 191 2216 dum
229 2183 335 2227 vulgo
373 2182 561 2225 tradebat,
600 2183 674 2216 sive
708 2181 1027 2227 Geograplzicmn,
1062 2183 1163 2226 sive,
1204 2183 1311 2227 idque
1346 2183 1588 2228 plerumque,
1622 2185 1795 2217 Histori-

108 2259 201 2281 cum.
253 2248 305 2281 Hi
336 2253 457 2281 autem
488 2248 628 2280 labores
666 2253 701 2281 et
722 2248 955 2292 auctoribus,
991 2254 1027 2281 et
1066 2249 1136 2293 ipsi
1166 2249 1374 2293 disciplinae
1398 2250 1663 2294 promovendae
1691 2256 1794 2282 erant

108 2313 298 2346 utilissimi.
359 2314 503 2347 Etenim
549 2315 599 2346 sic
639 2315 857 2347 exstiterunt
900 2315 1062 2359 egregiae
1104 2315 1185 2347 illae
1227 2314 1534 2357 Dissertationes,
1577 2327 1648 2347 non
1690 2316 1792 2348 modo

108 2389 406 2423 UYLENBROEKH,
454 2380 515 2412 sed
562 2385 597 2412 et
642 2390 815 2414 ROORDAE
864 2386 900 2414 et
948 2392 1156 2424 WEYERSH,
1214 2393 1369 2426 quorum
1418 2382 1477 2414 ille
1526 2381 1793 2415 Tzclonidarum

105 2443 300 2478 historiam
316 2469 326 2487 ,
353 2445 409 2477 hic
434 2445 527 2478 locos
552 2444 623 2479 Ilm
647 2444 838 2491 chaccmis
863 2447 907 2481 de
931 2445 1003 2481 Ilm
1029 2445 1214 2482 Zeidozmo
1239 2447 1426 2491 explicuit.
1470 2446 1677 2480 Cuiusmodi
1700 2447 1793 2492 Spe-
