2196 2950
358 195 402 228 144
827 193 873 225 T.
935 192 982 225 G.
1049 193 1079 226 I.
1143 192 1577 226 IUYNBOLL

361 315 449 353 quot
492 320 555 341 sua
595 307 688 339 bona
728 312 889 349 norunt,
922 305 1057 339 Vestra
1097 312 1133 339 et
1175 307 1304 340 merita
1336 307 1483 339 maximi
1515 305 1649 338 faciant
1686 310 1722 338 et
1758 306 1904 338 nomina
1937 307 2040 351 digne

359 374 551 406 eelebrent.

402 504 501 536 Haec
529 505 729 546 dicentem,
764 504 861 536 illius
902 505 1074 548 temporis
1108 515 1164 536 me
1201 505 1296 538 subit
1334 507 1532 548 memoria,
1566 517 1638 549 quo
1666 505 1752 547 Tu,
1783 504 1851 537 Vir
1876 503 2040 548 Amplis—

356 571 466 612 simc,
517 571 654 602 Frisiao
699 569 949 602 Gubernator!
999 569 1095 601 solus
1127 569 1227 601 fuisti
1261 569 1448 602 Curatoris
1482 581 1633 602 munere
1673 569 1834 602 functus.
1887 567 2040 612 Negoti—

353 648 483 678 orum,
531 635 660 679 quibus
714 635 774 666 Tu
811 645 962 678 praees,
1007 634 1201 666 multitudo
1236 640 1272 666 et
1317 635 1474 678 gravitas
1508 635 1604 667 haud
1652 634 1919 679 impediverunt
1954 644 2038 666 um—

355 713 483 744 quam,
524 700 716 743 quominus
753 697 928 731 Athenaei
964 699 1156 732 commodis
1188 698 1409 731 consuleres.
1459 698 1663 742 Novimus,
1689 697 1826 743 quanta
1855 698 1944 731 illud
1972 698 2038 731 be·-

352 766 523 809 nignitate
578 765 834 809 prosequariS,
893 769 1070 807 quantum
1118 764 1202 797 Tua
1252 764 1362 796 unius
1409 765 1605 796 auctoritas
1657 764 1775 798 valeat
1821 764 1865 796 ad
1913 769 2039 808 optata

352 843 515 875 quaeque
532 856 541 873 ,
586 843 654 875 pro
700 830 833 862 horum
879 835 1086 874 temporum
1125 831 1287 871 ratione,
1325 829 1408 861 huic
1447 829 1697 872 impetranda,
1736 840 1918 872 quamque
1952 841 2037 872 gra-

351 902 408 928 tus
458 896 541 927 Tibi
574 901 754 940 perpetuo
782 894 923 939 Optimi
961 893 1068 938 Regis
1105 906 1189 939 erga
1225 894 1324 927 illam
1365 893 1529 926 Scholam
1563 894 1608 926 sit
1643 893 1768 935 favor,
1800 905 1909 937 quam
1941 894 2036 938 Ipsi—

350 973 392 992 us
432 960 589 993 Maiores
623 966 705 993 ante
741 961 914 992 ducentos
948 965 983 992 et
1014 961 1300 1004 quinquaginta,
1336 964 1373 992 et
1407 959 1503 1003 quod
1541 960 1727 1001 excurrit,
1761 969 1874 991 annos
1909 959 2035 991 condi-

349 1026 492 1058 «lerunt.
556 1025 639 1057 Tibi
670 1025 832 1069 profecto
879 1031 956 1066 est,
986 1026 1081 1069 quod
1112 1025 1258 1070 publice
1285 1025 1418 1069 gratias
1451 1036 1622 1069 agamus,
1659 1025 1719 1057 sed
1743 1026 1942 1068 gratiarum
1968 1023 2034 1056 hoc

348 1103 461 1123 comcs
495 1097 570 1123 esto
606 1096 757 1132 votum,
797 1090 855 1123 Tu
887 1096 928 1122 ut
958 1091 1020 1122 diu
1051 1091 1152 1124 nobis
1178 1091 1333 1125 serveris
1369 1091 1590 1123 Curatorum
1627 1090 1777 1133 Collegii
1812 1090 1976 1122 Praeses.

392 1223 564 1256 Vestrum
601 1223 776 1256 Ordinem
803 1223 1053 1268 perlustrans,
1088 1224 1253 1269 Collegae
1292 1223 1604 1257 Coniunctissimi!
1639 1222 1770 1266 insigni
1807 1233 1893 1254 sane
1929 1222 2035 1254 laeti-

343 1290 391 1320 tia
435 1288 581 1320 afficior.
645 1288 741 1320 Eum
787 1290 883 1320 enim
930 1290 1112 1332 integrum
1162 1290 1239 1322 fere
1288 1289 1525 1334 contemplor.
1592 1287 1698 1321 Unus
1749 1292 1891 1319 tantum
1935 1287 2035 1319 abest

344 1363 519 1396 GEERIL'S,
557 1354 746 1386 oculorum
774 1354 921 1396 morbo,
960 1360 1001 1386 ut
1038 1355 1163 1387 literae
1192 1356 1268 1387 eius
1305 1354 1525 1399 perhibent,
1563 1355 1695 1386 iterum
1730 1353 1911 1385 laborans.
1973 1352 2031 1385 Tu

347 1430 431 1450 vero
464 1419 566 1452 nobis
603 1420 709 1451 etiam
742 1431 840 1452 nunc
878 1425 1042 1452 servatus
1077 1431 1139 1462 es,
1169 1420 1295 1464 vegeta
1330 1420 1413 1453 Tua
1439 1425 1624 1453 senectute
1656 1419 1804 1452 Ordinis
1826 1420 1941 1451 nostri
1969 1419 2034 1451 de-

344 1496 425 1525 cus,
462 1483 530 1517 Vir
561 1486 614 1517 (ΓΙ.
630 1511 639 1527 ,
664 1496 712 1517 DE
736 1487 869 1517 cresse!
903 1485 982 1518 Deo
1009 1497 1131 1517 omnes
1160 1487 1293 1529 gratias
1316 1487 1454 1530 agimus
1472 1511 1482 1528 ,
1524 1486 1635 1519 vitam
1660 1491 1761 1518 tuam
1782 1485 2028 1529 producenti,

345 1555 499 1593 tuaeque
540 1551 682 1583 canitiei
724 1550 918 1584 iuvenilem
962 1551 1107 1583 addenti
1145 1551 1326 1595 vigorem,
1370 1552 1457 1584 adeo
1496 1556 1537 1583 ut
1568 1551 1612 1583 ad
1648 1551 1744 1583 hunc
1780 1561 1897 1593 usque
1937 1550 2030 1582 diem

340 1620 374 1645 et
418 1615 572 1646 consiliis
615 1616 744 1658 gestias
788 1614 997 1647 Amicorum
1040 1616 1166 1648 studiis
1209 1618 1386 1650 inservire
1431 1623 1466 1649 et
1514 1616 1679 1661 exemplo
1728 1616 1772 1648 ad
1814 1616 2029 1648 industriam

339 1678 615 1723 studiorumque
655 1681 892 1712 constantiam
923 1680 1088 1712 Iuniores
1130 1682 1288 1713 excitare
1321 1693 1460 1726 pergas.
1515 1680 1621 1715 Salva
1655 1681 1887 1722 valetudine,
1932 1680 2030 1714 salva

338 1744 402 1776 hac
442 1745 571 1777 mentis
618 1746 836 1787 serenitate,
882 1745 980 1778 salvo
1027 1746 1145 1778 animo
1186 1746 1294 1778 hocce
1332 1747 1497 1791 placido,
1534 1752 1576 1779 ut
1606 1747 1676 1779 illis
1706 1747 1799 1780 vitae
1840 1752 1924 1779 tuae
1959 1746 2026 1777 ob·-

334 1811 554 1843 lectamentis
589 1809 871 1854 Literarumque
903 1811 1038 1843 deliciis
1070 1823 1137 1855 per
1173 1811 1318 1855 longum
1358 1818 1501 1856 tempus
1531 1813 1606 1845 sine
1631 1812 1896 1845 intermissione
1921 1811 2027 1844 frua-

338 1877 414 1917 ris,
450 1874 622 1907 Nostrum
660 1876 816 1919 quisque
853 1877 957 1908 etiam
995 1881 1104 1919 atque
1138 1877 1243 1909 etiam
1276 1882 1460 1921 precatur.

383 2009 480 2050 Quid
520 2019 629 2052 porro
673 2008 716 2040 de
759 2008 897 2041 Ordine
930 2013 1055 2041 nostro
1089 2007 1319 2041 referendum
1357 2009 1530 2051 habeam,
1572 2008 1638 2042 A.!
1684 2010 1754 2054 ipsi
1795 2009 1864 2042 iam
1900 2009 2024 2052 suspi-

335 2073 473 2105 camini.
541 2073 798 2106 Desideramus
855 2075 950 2106 enim
997 2073 1129 2107 Virum
1170 2074 1224 2107 Cl.
1262 2086 1379 2107 uxum
1415 2085 1631 2108 ourmmmm
1661 2085 1872 2117 Ennfflmxs,
1913 2074 2020 2106 huius

337 2137 507 2171 Athenaei
543 2150 609 2182 per
653 2139 798 2182 decem,
838 2146 873 2172 et
910 2141 1007 2184 quod
1041 2142 1226 2183 excurrit,
1264 2152 1376 2173 annos
1408 2146 1685 2183 ornamentum,
1723 2139 1760 2172 in
1794 2139 2019 2173 Academiam

335 2209 454 2236 autem
501 2203 772 2247 Groninganam
820 2207 1008 2250 superiore
1058 2217 1150 2238 anno
1190 2206 1360 2238 delatum.
1414 2205 1590 2240 Laetetur
1625 2206 1688 2239 illa
1724 2205 1915 2239 Academia
1955 2216 2020 2237 suo

337 2269 517 2311 Doctore,
561 2267 661 2302 tanta
705 2269 887 2302 alacritate
923 2272 1144 2316 conspicuO,
1181 2283 1295 2315 eoque
1333 2272 1536 2305 studiorum
1572 2272 1722 2314 ardore,
1766 2271 1825 2303 cui
1865 2270 2018 2315 amplior

337 2346 427 2377 quac
472 2334 597 2378 obtigit
642 2335 677 2366 in
724 2333 933 2379 Discipliuis
972 2336 1235 2370 Mathematieis
1265 2343 1301 2369 et
1332 2337 1495 2382 Physicis
1521 2337 1727 2371 elaborandi
1760 2337 2018 2381 opportunitas

336 2411 404 2432 non
439 2402 552 2445 possit
580 2412 651 2434 non
686 2401 816 2446 insigni
853 2402 907 2434 his
941 2403 1028 2446 ipsis
1065 2415 1141 2436 esse
1175 2402 1426 2436 emolumento.
1480 2403 1555 2436 Nos
1591 2414 1676 2437 vero
1714 2408 1878 2436 nostrum
1913 2402 2017 2436 dolo-
