2196 2950
346 155 369 190 4
1157 148 1231 186 Q

347 268 622 303 commemorari
663 277 706 299 ac
752 264 858 309 tangi
903 265 1007 298 modo
1050 266 1253 309 potuerant
1267 286 1277 304 ,
1325 260 1416 306 ipsis
1456 260 1577 304 magis
1609 259 1893 304 explicarentur.
1951 261 2039 294 Hac

348 342 467 369 tamen
519 331 699 366 occasione
741 330 916 364 nonnulla
947 330 1127 375 copiosius
1162 326 1313 372 exposui
1327 352 1336 369 ‚
1389 338 1459 371 quo
1495 326 1717 359 Exterorum
1746 326 1791 358 de
1827 325 1934 358 rebus
1972 339 2038 359 no-

348 401 436 433 stris
471 398 627 441 notitia,
664 408 757 443 quae
790 396 893 429 exilis
915 396 1138 441 plerumque
1173 399 1208 427 et
1243 404 1374 426 manca
1410 398 1491 435 est,
1522 393 1734 425 emendetur
1757 392 1870 425 simul
1889 397 1923 424 et
1957 403 2039 424 am-

338 463 542 510 plificetur.
594 462 723 496 stIulta
755 462 908 507 denique
933 462 977 493 de
1007 468 1237 494 HAMAKz-:Ro
1271 458 1398 491 dedita
1429 469 1541 502 opera
1574 458 1701 500 omisi,
1738 470 1808 491 non
1841 457 2037 500 dubitans,

345 529 433 576 quin
462 529 593 574 fusius
636 527 832 573 aliquando
874 526 1099 571 meliusque,
1135 536 1247 570 quam
1283 536 1307 556 a
1357 535 1413 556 me
1454 523 1555 568 exigi
1596 523 1741 568 possit,
1783 523 1872 556 haec
1907 528 2039 567 postea

347 597 561 629 tradantur.

395 662 509 694 Viros
541 659 751 703 reputanti,
790 657 938 691 Scholae
976 657 1285 701 Franequeranae
1319 655 1405 688 olim
1433 659 1648 688 ornamenta
1664 679 1674 697 ,
1707 654 1773 687 hoc
1795 655 2039 700 quinquennio

347 731 462 759 morte
511 724 691 767 sublatos,
726 729 883 768 praeter
935 731 1168 756 VOORSTIUM
1200 726 1235 753 et
1267 730 1562 763 HAMAKERUM,
1600 729 1802 752 NIGOLAUS
1828 729 2042 753 SMALLEN-

346 801 454 824 Bam}
491 796 525 823 et
563 799 740 823 GABINL'S
777 799 830 821 DE
855 798 946 821 WAL
982 800 1051 820 sua
1086 792 1211 831 sponte
1247 787 1359 819 etiam
1398 785 1489 818 milti
1519 786 1557 818 in
1586 786 1801 818 memoriam
1835 786 2040 819 redierunt.

350 858 518 899 Quorum
550 858 610 890 ille
645 856 690 889 al)
720 868 814 889 anno
847 855 942 888 5788
970 866 1044 899 per
1077 853 1263 887 biennium
1298 854 1336 886 in
1372 851 1579 886 Academia
1612 851 1806 894 Frisium,
1845 852 1972 884 deinde
2005 852 2043 883 in

346 923 553 957 Academia
591 923 640 955 L.
678 923 726 955 B.
742 937 758 963 ,·
796 922 855 954 hic
899 933 982 955 vero
1014 932 1089 964 per
1129 921 1151 952 5
1192 930 1305 951 annos
1337 918 1375 951 in
1411 917 1605 951 Athenaeo
1633 917 1940 962 Frauequerano,
1967 928 2044 961 po-

347 996 425 1023 stea
465 990 503 1022 in
531 987 738 1023 Academia
771 985 1014 1030 Groningana
1054 985 1398 1029 Iurisprudentiam
1433 985 1582 1029 egregie
1623 984 1839 1017 docuerunt.

392 1055 477 1089 Hos
522 1065 607 1088 vero
653 1053 856 1097 cogitanti,
907 1051 999 1084 milli
1029 1051 1141 1084 etiam
1164 1055 1349 1096 perpetuo
1382 1051 1423 1084 oh
1450 1051 1571 1083 oculos
1606 1055 1687 1082 erat
1723 1049 1819 1082 alius
1853 1050 1929 1082 Vir
1959 1049 2044 1083 Do-

347 1121 555 1163 ctissimus,
596 1118 785 1161 omnibus,
817 1123 993 1163 quotquot
1026 1129 1110 1150 eum
1141 1117 1373 1160 cognoverint
1391 1141 1400 1159 ,
1428 1116 1709 1158 dilectissimus,
1735 1115 1942 1159 Discipulis
1966 1116 2042 1147 suis

338 1186 565 1232 praesertim
582 1210 591 1227 ‚
625 1185 661 1216 in
695 1184 809 1228 iisque
847 1183 959 1226 milti,
995 1182 1229 1225 carissimus,
1266 1191 1480 1215 IOHANNES
1515 1191 1734 1214 KAPPEYNE
1760 1190 1847 1213 VAN
1872 1190 1926 1213 DL·
1953 1189 2046 1212 cop-

344 1261 479 1285 PELLO.
552 1250 635 1284 Nisi
679 1250 794 1293 enirn,
839 1254 880 1281 ut
929 1248 1022 1281 milzt
1067 1248 1265 1293 aliquando
1316 1248 1392 1292 ipse
1434 1247 1659 1290 declaravit,
1713 1256 2041 1280 WYTTENBACHH

346 1331 427 1364 spes
461 1318 574 1351 irrita
596 1328 758 1361 prorsus
790 1315 998 1358 cecidisset,
1036 1322 1234 1346 COPPELLO
1269 1313 1381 1345 etiam
1412 1313 1464 1345 ad
1495 1313 1647 1346 docendi
1676 1325 1809 1345 munus
1843 1312 1881 1345 in
1919 1313 2044 1347 Athe-

348 1397 436 1419 naeo
472 1384 758 1429 Franequerano
784 1383 923 1427 suisset
958 1386 1118 1416 vocatus.
1186 1378 1266 1418 Quo
1298 1379 1405 1424 sacto
1443 1390 1524 1411 eam
1550 1378 1786 1422 provinciam
1815 1379 2040 1422 praeclaro,

348 1464 417 1498 quo
447 1451 649 1496 praeditus
687 1453 794 1491 erat,
834 1447 974 1491 ingenii
1009 1447 1199 1489 acumine,
1242 1451 1277 1477 et
1315 1446 1452 1489 magnei
1487 1444 1706 1477 eruditionis
1740 1445 1845 1488 copia
1875 1445 2045 1490 profecto

349 1522 620 1558 exornaturas,
664 1526 706 1546 ac
757 1514 996 1548 Iuventutem
1040 1511 1306 1546 Academicum
1338 1511 1405 1543 illd
1436 1512 1506 1543 suci
1539 1510 1731 1553 comitate,
1763 1511 1879 1543 animi
1908 1512 2044 1544 cando—

350 1595 412 1625 re,
451 1593 595 1614 morum
635 1580 894 1623 simplicitate,
937 1578 1096 1621 insigni,
1143 1576 1270 1619 verbo,
1307 1577 1540 1621 quotidianae
1574 1576 1844 1609 consuetudinis
1875 1576 2046 1610 amabili-

352 1654 426 1682 tate
468 1653 583 1680 totam
626 1657 767 1692 quoque
820 1644 889 1677 sibi
930 1645 1167 1678 (levincturus
1204 1642 1358 1687 suisset.
1423 1640 1670 1685 Gymnasium
1715 1640 1922 1684 Haganum
1957 1641 2049 1686 quid

349 1715 421 1760 ipsi
462 1713 612 1755 debeat,
653 1717 779 1745 notum
815 1716 895 1752 est,·
942 1710 1041 1755 quod
1069 1710 1320 1750 instaurasse,
1361 1712 1422 1750 et,
1473 1712 1515 1739 ut
1549 1707 1603 1739 ita
1629 1707 1774 1749 dicam,
1812 1707 1928 1739 denuo
1961 1718 2046 1740 con—

349 1781 508 1822 didisse,
559 1784 667 1824 atque
711 1779 761 1810 ad
795 1777 913 1820 illud,
951 1776 1048 1821 quod
1086 1775 1152 1808 lioc
1185 1785 1387 1819 numquam
1425 1778 1534 1805 antea
1570 1773 1773 1816 attigerat,
1806 1772 1950 1816 gloriae
1975 1774 2046 1817 fit·-

350 1846 503 1891 stigium
561 1835 715 1878 evexisse
765 1844 896 1877 merito
942 1843 1016 1875 (lici
1046 1846 1184 1886 potest.
1240 1839 1325 1873 Tali
1364 1845 1490 1872 autem
1527 1839 1713 1881 Doctore,
1757 1838 1825 1870 tali
1860 1838 1943 1872 Cive
1976 1851 2044 1871 non

351 1913 518 1956 indignos
556 1923 593 1943 se
625 1910 902 1954 praestiterunt
941 1908 1112 1952 Hagani.
1181 1906 1302 1940 Vivus
1339 1905 1501 1938 omnium
1529 1904 1740 1949 fruebatur
1766 1904 2042 1945 aestimatione,

349 1990 457 2023 eoque
496 1983 663 2020 mortuo,
693 1978 910 2021 frequentes
946 1979 1053 2007 erant
1082 1985 1155 2017 per
1191 1978 1304 2005 totam
1342 1971 1469 2004 urbem
1495 1971 1711 2014 lacrymae5
1733 1980 1939 2014 gravesque
1963 1969 2041 2001 sin—

350 2043 481 2088 gultus
528 2043 623 2074 illud
666 2040 935 2074 comitabantur
964 2040 1088 2084 sunus
1115 2037 1454 2083 perhonorificum,
1503 2037 1601 2083 quod
1625 2037 1828 2081 perpaucis
1863 2047 1945 2069 cum
1981 2035 2044 2067 illo

355 2120 541 2142 commune
573 2120 647 2139 csse
686 2108 787 2139 solet.
850 2107 899 2139 In
926 2106 1066 2150 primis
1112 2117 1196 2138 vero
1251 2105 1354 2137 luctu
1391 2104 1519 2148 pressi
1554 2107 1661 2136 erant
1704 2103 1782 2135 eius
1831 2101 2042 2146 Discipuli,

356 2188 444 2221 quos
480 2175 576 2207 iulet·
611 2174 709 2218 quod
750 2173 826 2216 ipse
856 2173 1027 2217 fuerim,
1066 2170 1228 2217 quotidie
1263 2182 1319 2202 me
1345 2170 1497 2214 felicem
1526 2169 1715 2214 praedico.
1772 2167 1908 2200 Nullus
1947 2168 2045 2201 enim

353 2241 429 2274 dies
468 2239 652 2282 elabitur,
693 2238 787 2271 nihil
814 2240 900 2283 sere
940 2237 1202 2271 elaborandum
1227 2236 1384 2280 suscipio
1400 2261 1409 2279 ,
1437 2236 1527 2281 quin
1553 2235 1713 2280 optimus
1739 2234 1799 2267 ille
1826 2246 1926 2267 meus
1951 2233 2043 2267 Ma-

353 2308 470 2351 gister
507 2306 598 2339 milti
633 2306 768 2337 iterum
811 2305 1014 2349 iterumque
1061 2304 1099 2336 in
1147 2308 1303 2336 mentem
1335 2307 1521 2335 recurrat.
1574 2301 1741 2346 Namque
1773 2313 1815 2333 ea
1851 2300 1930 2332 cius
1961 2305 2042 2332 erat

358 2372 503 2404 docendi
544 2371 662 2414 ratio,
697 2383 740 2404 ea
765 2382 974 2404 sermonum
1013 2370 1092 2403 eius
1133 2369 1408 2414 commerciique
1447 2367 1654 2414 quotidiani
1682 2367 1844 2401 sum-icas
1877 2365 2042 2399 utilitas-
