2196 2950
315 172 360 207 60
804 165 1507 200 ANNOTATIO.

313 287 406 320 esset,
430 284 636 320 argumentum
660 289 860 309 armannus
879 278 940 317 ipse
961 277 1148 308 adumbravit
1166 278 1196 308 in
1218 277 1311 317 praef.
1331 278 1436 318 Operis
1459 278 1538 310 laud.
1557 288 1586 317 p.
1605 276 1685 315 X11‚
1709 280 1799 315 utque
1817 275 1895 307 hanc
1916 287 1988 308 con·

314 341 474 378 scriberet,
509 348 648 378 magnum
663 362 671 376 ‚
696 337 851 368 Codicibus
874 338 1038 376 excerptis,
1064 343 1240 375 apparatum
1262 338 1431 377 collegerat.
1476 338 1560 368 Hanc
1583 347 1652 368 vero
1675 336 1919 367 Dissertationem
1943 336 1994 366 de·

313 401 492 437 metantes,
525 398 687 438 gaudemus
718 403 819 429 tamen
853 398 895 428 illi
928 397 963 427 de
986 397 1110 435 Scriptis
1131 408 1340 428 waxrnmms
1359 397 1537 436 quaestioni,
1565 396 1736 427 auctoribus
1756 405 1938 426 HAMAKERO
1960 400 1990 425 et

310 471 446 490 emeno
480 463 595 489 tantum
627 458 701 488 lueis
731 458 854 488 allatum
889 467 971 495 esse,
1003 461 1035 486 ut
1069 466 1213 494 apparere
1245 456 1402 487 videatur:
1425 461 1492 487 octo
1513 456 1564 486 illa
1592 455 1709 493 Scripta
1732 454 1878 485 immerito
1901 454 1990 484 tribui

311 519 430 557 antiquo
459 518 501 548 illi
532 527 709 554 wnernro3
743 516 798 547 hoc
832 521 932 546 autem
964 525 1070 545 nomen
1103 515 1328 545 celeberrimum
1358 515 1474 547 Arabes
1501 514 1700 552 recentiores,
1728 523 1809 544 more
1831 513 1910 551 apud
1932 513 1989 544 ve-

315 583 390 608 teres
422 577 451 607 in
485 576 607 607 Oriente
628 576 658 605 in
679 575 781 613 primis
804 574 953 604 tritissimo
967 598 975 612 ,
997 583 1174 612 usurpasse,
1199 584 1256 612 quo
1277 575 1417 605 maiorem
1437 575 1496 606 suis
1517 574 1640 613 Scriptis
1660 574 1867 605 auctoritatem
1891 573 1994 604 conci*

315 638 430 667 liarent.
474 636 587 666 Deinde
614 635 666 664 illa
700 634 737 664 ab
769 634 814 664 his
842 632 1010 671 conscripta
1039 642 1119 671 esse,
1145 637 1176 662 ut
1198 633 1423 672 languescentes
1443 633 1650 663 Moslemorum
1673 633 1807 671 animos,
1831 642 1952 670 rerum,
1978 642 1994 661 a

315 697 475 727 Maioribus
504 694 650 733 reli5ionis
681 691 887 732 propagandae
918 702 1008 722 causa
1038 696 1212 731 gestarum,
1245 691 1433 721 enarratione
1464 692 1630 731 erigerent,
1660 692 1842 730 incitarent,
1863 701 1995 730 novoque

318 757 419 787 ardore
447 755 625 785 imbuerent.
669 753 756 792 Quod
786 752 939 783 consilium
962 756 995 782 ut
1016 755 1262 790 assequerentur,
1285 751 1382 781 minus
1402 761 1449 782 eos
1472 750 1560 782 fuisse
1580 751 1720 783 sollicitos
1745 752 1780 781 de
1802 752 1921 782 historia
1944 762 1997 782 ac-

316 822 417 848 curate
441 814 675 852 conscribenda,
710 813 763 843 hoc
790 817 930 851 agentes,
955 816 987 842 ut
1014 811 1186 841 traditiones
1208 810 1238 840 in
1258 810 1431 841 memoriam
1453 815 1647 849 revocarent,
1671 810 1705 840 iis
1724 811 1759 839 de
1780 810 1869 840 rebus
1889 820 1996 849 propa-

316 882 417 916 gatas,
450 875 631 906 ornamentis
652 878 774 910 auctas,
799 884 832 903 ac
862 872 937 903 salsa
961 872 1037 903 veris
1057 871 1191 901 immixta
1215 870 1413 900 continentes.
1455 869 1650 900 Narrationes
1674 869 1798 907 denique
1820 872 1995 909 Expugna-

318 945 369 976 tae
399 939 528 976 Syriae,
556 937 720 974 Aegypti,
751 935 1017 973 Mesopotamiae,
1051 933 1164 960 Iracae
1199 929 1237 959 ab
1267 939 1325 959 uno
1346 928 1507 968 eodemque
1534 928 1665 959 Auctore
1683 928 1875 967 probabiliter
1894 938 1997 958 exara-

318 1002 361 1026 tas
383 1005 456 1026 esse.
477 1014 515 1020 -
539 993 583 1023 De
604 993 657 1022 hoc
682 1004 856 1022 nmmum
873 991 970 1029 Opere
989 991 1048 1022 vid.
1069 1000 1187 1021 sacrus
1213 989 1242 1018 in
1259 991 1369 1018 Journ.
1388 990 1442 1018 des
1458 991 1534 1019 δαν.
1555 992 1631 1027 1827
1646 990 1778 1026 ‚JIars,
1802 998 1833 1025 p.
1848 995 1906 1022 140
1918 997 1998 1025 seqq.

359 1054 391 1084 Ρ.
420 1065 465 1084 12.
489 1053 540 1083 lin.
565 1063 613 1084 12.
658 1053 866 1081 Gratissimae
902 1068 939 1074 —-
967 1062 1027 1080 non
1050 1053 1162 1090 potuit.
1205 1048 1294 1078 Anno
1325 1051 1424 1085 1821,
1451 1057 1507 1086 quo
1531 1047 1614 1085 Rex,
1637 1051 1804 1078 nostrarum
1827 1046 1995 1076 Literarum

317 1114 426 1144 Fautor
448 1112 594 1149 eximius,
614 1111 771 1149 Interpreti
790 1110 894 1149 Legati
918 1120 1139 1140 witus-naum
1166 1112 1317 1138 sexcentos
1341 1107 1470 1138 nondun*
1489 1111 1678 1138 concesserat
1697 1106 1819 1137 florenos
1838 1116 1950 1136 annuos
1963 1105 1998 1136 ad

318 1173 417 1211 Opera
439 1172 636 1202 Orientalium
657 1170 792 1209 edenda,
819 1179 1037 1207 umraxrnus,
1063 1167 1206 1198 suadente
1227 1166 1275 1198 Cl.
1296 1179 1480 1206 mammo,
1508 1167 1616 1197 librum
1635 1169 1672 1197 de
1694 1169 1866 1207 Regionum
1888 1168 1998 1206 Expu-

316 1236 464 1272 gnatione
505 1231 626 1261 Comitis
672 1230 750 1260 illius
794 1229 938 1260 sumtibus
970 1227 1115 1258 edendum
1146 1229 1272 1267 suscepit
1305 1237 1321 1257 e
1356 1226 1426 1257 cod.
1459 1226 1494 1256 L.
1528 1226 1564 1256 Β.
1596 1225 1634 1256 Ν.
1663 1230 1747 1263 430,
1782 1225 1818 1255 (le
1849 1235 1906 1264 quo
1938 1225 1998 1255 vid.

322 1303 451 1322 umnam.
484 1291 514 1321 in
554 1293 685 1331 Specim.
716 1291 822 1319 Catal.
845 1299 875 1327 p.
898 1301 912 1328 7
938 1297 1017 1326 seqq.
1070 1287 1231 1318 Dimidiam
1255 1287 1340 1318 huius
1362 1286 1468 1325 Operis
1491 1290 1606 1325 partem
1630 1297 1830 1316 unumne-s
1853 1285 1998 1322 absolvit,

318 1362 405 1390 quam
442 1361 458 1381 a
492 1350 543 1381 (ΣΙ.
563 1361 704 1381 werras.
718 1373 727 1388 ,
751 1349 800 1387 qui
822 1348 946 1379 alteram
969 1351 1084 1386 partem
1107 1347 1168 1385 ipse
1191 1351 1291 1386 postea
1314 1346 1519 1377 elaboraturus
1542 1350 1603 1384 est,
1625 1345 1737 1376 editum
1759 1345 1816 1384 iri,
1840 1344 1910 1375 laeti
1931 1354 1999 1374 cum

317 1411 418 1442 Doctis
441 1410 516 1442 Viris
538 1409 805 1440 communicamus,

362 1470 397 1500 P.
425 1481 472 1500 12.
494 1470 544 1500 lin.
570 1481 617 1499 11.
643 1479 660 1499 a
683 1467 704 1498 s.
747 1470 841 1498 Illius
865 1484 906 1490 —·
929 1476 1066 1498 auctam.
1119 1467 1184 1499 Vid-
1205 1470 1341 1498 Journal
1362 1469 1532 1507 Asiatiqne
1567 1468 1663 1504 1826,
1691 1470 1763 1496 lom·
1785 1465 1851 1503 IX,
1876 1475 1905 1504 p.
1927 1468 1997 1505 317.

324 1530 358 1561 In
390 1533 542 1569 Catalogo
569 1532 676 1569 partis
708 1529 792 1558 Bihl.
826 1540 959 1558 unirer.
990 1538 1021 1566 p.
1045 1532 1122 1566 113,
1146 1526 1184 1557 N.
1210 1537 1266 1565 14,
1300 1531 1568 1558 commemorantur
1590 1526 1679 1556 etlam
1705 1527 1940 1555 Observationes
1962 1528 1995 1554 in

322 1592 479 1620 Meidanii
502 1592 743 1626 Praesationem
764 1595 794 1617 et
816 1591 849 1617 in
873 1598 929 1618 201
951 1591 1061 1628 priora
1084 1591 1149 1617 eiu-3
1174 1589 1346 1617 proverbia
1369 1596 1409 1622 42
1431 1596 1516 1625 pagg.
1539 1590 1597 1616 oct.

368 1649 402 1679 P.
427 1660 473 1679 12.
496 1648 547 1678 lin.
571 1660 599 1688 9.
622 1657 638 1677 a
662 1647 684 1678 s.
728 1649 792 1676 Hic
815 1663 855 1668 —
881 1650 1064 1676 annunciat.
1121 1646 1218 1676 Partis
1251 1646 1381 1683 laboris,
1412 1646 1442 1675 in
1475 1645 1574 1683 Opere
1596 1656 1694 1675 nanu
1719 1657 1887 1675 nuncu-,uz
1910 1644 1999 1674 collo·

325 1709 404 1746 cati,
439 1707 549 1738 mentio
581 1707 612 1737 fit
643 1705 702 1736 ibid
725 1715 754 1744 p,
780 1708 858 1743 113,
882 1704 921 1735 N.
946 1709 994 1736 13.
1027 1706 1160 1743 (Versio
1183 1708 1286 1735 latina
1306 1708 1412 1745 partis
1436 1707 1728 1744 Prolegomenorzctn
1752 1715 1852 1734 uansr
1877 1715 1997 1732 mmm-

327 1781 386 1799 rnz
421 1781 490 1799 cum
523 1771 645 1808 aliquot
669 1767 922 1796 annotationibus
945 1769 978 1795 in
1001 1768 1141 1805 margine
1165 1769 1204 1796 32
1227 1775 1310 1803 pagg.
1334 1764 1409 1803 oct.)
1434 1780 1475 1785 —
1498 1763 1542 1793 De
1565 1775 1728 1793 rLtfonmo
1753 1762 1811 1793 vid.
1834 1762 1920 1793 huius
1943 1764 1998 1792 Co-

329 1831 401 1859 rani
423 1827 510 1858 editio
532 1827 614 1865 Lips.
642 1829 719 1862 1834
743 1832 780 1862 40
802 1825 831 1855 in
855 1823 949 1863 praef.
972 1834 1000 1862 p.
1023 1823 1087 1855 VII.

370 1889 403 1919 P.
430 1897 476 1924 14.
498 1887 549 1917 lin·
574 1890 620 1917 15.
643 1896 660 1916 a
682 1885 704 1916 f.
751 1887 973 1915 commentatio
997 1902 1034 1907 —-
1056 1885 1236 1913 delineavit.
1280 1881 1344 1914 Vid.
1369 1884 1542 1922 Catalogus
1566 1880 1644 1911 laud.
1667 1891 1695 1919 p.
1720 1889 1798 1918 114,
1824 1879 1864 1910 N·
1884 1883 1936 1911 28.

372 1947 407 1977 P.
432 1956 478 1983 14.
502 1947 553 1977 lin.
576 1948 606 1976 6.
628 1955 644 1975 a
669 1944 692 1976 f.
739 1947 910 1975 chronicon
941 1946 1012 1973 Bar
1044 1945 1185 1973 Hebraei
1217 1946 1274 1972 cet.
1327 1941 1507 1971 nimum
1539 1940 1662 1979 Scriptis
1683 1940 1837 1979 perlectis,
1863 1939 2000 1977 dubitas,

329 2008 403 2037 sitne
430 2006 491 2044 ipso
525 2005 672 2036 Chronico
703 2003 878 2043 explicando
912 2003 1131 2042 praestantior,
1167 2012 1205 2032 an
1238 2011 1272 2032 eo
1304 2001 1502 2040 Scriptoribus
1532 2001 1667 2032 Arabicis
1695 2005 1724 2031 et
1758 2000 1904 2031 Historiae
1935 1999 2002 2030 Ori-

330 2066 421 2097 entali
455 2064 636 2096 illustrandis
669 2063 847 2094 adhibendo.
890 2061 945 2093 Cff.
975 2062 1060 2092 modo
1094 2062 1276 2101 Annotatio,
1307 2061 1397 2100 Operi
1426 2073 1554 2093 warno.
1575 2066 1662 2100 atque
1686 2063 1776 2091 Diss.
1796 2060 1840 2091 et.
1863 2070 2003 2091 noonnm:

335 2131 364 2156 et
395 2137 557 2156 wrrrnsu
588 2124 709 2163 addita,
739 2129 768 2154 et
800 2122 970 2161 Censurae,
995 2124 1079 2152 Bibl.
1103 2124 1180 2152 Crit.
1201 2125 1284 2152 Νον.
1305 2121 1443 2152 insertae.
1497 2121 1592 2152 Nemo
1613 2131 1684 2152 sane
1707 2130 1888 2151 numiano
1910 2120 2005 2158 aptiu-

336 2185 389 2217 fuit
422 2195 515 2216 novae
544 2188 614 2214 Bar
637 2187 780 2214 Hebraei
801 2184 907 2223 Operis
929 2183 1064 2214 editionis
1086 2181 1248 2221 parandae.
1293 2181 1378 2219 Quae
1400 2180 1539 2220 quoniam
1563 2185 1681 2219 propter
1703 2180 1919 2211 vitiosissimum
1941 2183 2004 2209 tex-

336 2250 420 2285 tum,
454 2255 471 2276 a
503 2254 638 2275 mmssxo
660 2244 793 2282 editum,
816 2254 904 2282 quam
926 2243 1051 2274 maxime
1074 2247 1117 2273 est
1140 2241 1325 2279 necessaria,
1348 2251 1444 2279 nova,
1468 2250 1565 2280 quae,
1588 2245 1620 2271 ut
1643 2240 1758 2278 fertur,
1781 2250 2003 2276 nnnssrsrsu,

339 2306 398 2337 Viri
432 2305 499 2344 Cl.,
532 2304 670 2343 auspiciis
698 2303 879 2342 suscipitur,
910 2303 1018 2341 editio,
1048 2302 1159 2333 nemini
1191 2301 1252 2331 sine
1285 2300 1373 2330 dubio
1399 2311 1458 2331 non
1479 2305 1563 2341 grata
1582 2310 1643 2331 esse
1664 2303 1767 2338 potest.
1783 2315 1824 2321 —
1846 2298 1891 2328 De
1912 2298 2007 2329 studio

341 2370 493 2404 ceterum,
517 2365 554 2396 ab
583 2376 764 2396 unuanao
794 2364 823 2394 in
852 2363 958 2394 Literis
975 2363 1103 2402 Syriacis
1125 2360 1237 2401 positu,
1258 2360 1317 2391 vid.
1337 2360 1428 2391 ctiam
1449 2359 1580 2391 Censura
1603 2358 1774 2397 Scriptionis
1795 2369 1947 2389 nrnzenrr
1969 2360 2005 2388 de

349 2428 494 2456 Versione
521 2429 676 2466 Syriaca,
701 2433 776 2463 quae
800 2425 947 2454 Pesclzito
971 2422 1076 2454 dicitur
1098 2423 1202 2462 (Bibl.
1225 2422 1302 2450 Crit.
1324 2422 1405 2451 Nou.
1428 2419 1491 2458 111,
1516 2430 1544 2458 p.
1569 2423 1627 2451 312
1648 2418 1744 2458 seqq.)
