2196 2950
656 121 1352 157 ANNOTATIO.
1798 123 1844 157 65

164 237 275 273 agunt,
308 245 464 265 unarum.
495 233 658 272 excerpsit,
689 238 718 264 et
747 234 877 264 Arabice
905 235 1069 273 Latineque
1100 235 1190 266 edidit
1222 235 1315 275 (Diss.
1344 234 1422 264 laud.
1453 244 1481 272 p.
1515 236 1634 274 62-78
1656 238 1684 265 et
1702 234 1837 275 81-96)

164 304 199 323 ac
231 293 311 324 Libri
342 293 467 332 pretium
496 292 637 323 indicavit
669 292 777 332 (praef.
810 303 841 331 p.
872 293 983 331 thI).
1024 293 1097 332 Est,
1131 298 1162 324 ut
1194 293 1278 324 docet
1311 305 1442 324 uniunt.
1469 294 1517 332 (in
1544 296 1631 334 Spec.
1654 296 1725 324 Cat.
1748 304 1776 332 p.
1797 296 1833 333 67

161 354 258 391 ὅρῳ),
285 354 501 393 Compendtum
534 355 660 381 maioris
700 354 834 381 Yakouti
868 354 998 391 Operis,
1028 352 1151 390 viginti,
1186 357 1217 382 ut
1245 352 1350 389 aiunt,
1377 352 1578 390 voluminum,
1601 352 1649 383 cui
1671 353 1773 384 titulus
1795 358 1839 384 est

165 415 328 443 Ordinatio
360 415 532 452 Regionum
566 411 989 451 (Moadjim-ot-bolddn),
1021 411 1103 442 cuius
1127 411 1185 441 tria
1207 411 1240 441 in
1266 410 1382 449 Europa
1403 416 1517 442 exstant
1539 413 1693 452 exempla,
1711 413 1835 452 Oxonii,

162 473 317 510 llanniae,
350 471 505 510 Petropoli.
558 470 731 509 Exemplum
764 471 954 510 Petropolit.‚
992 482 1010 502 2
1043 472 1111 503 voll.
1139 476 1278 502 coistans
1309 471 1338 502 in
1363 471 1434 510 fol.,
1468 471 1557 502 hocce
1579 472 1660 511 Opus
1687 474 1834 514 integrum

160 532 295 562 exhihere
324 531 449 562 videtur.
492 530 694 569 Epitomat0r‚
728 531 810 562 cuius
836 541 943 561 nomen
982 531 1072 570 latet,
1106 530 1208 561 vivens
1240 531 1431 569 probabiliter
1449 541 1507 562 see.
1524 531 1642 562 circiter
1665 537 1699 564 15
1720 534 1834 572 medio,

161 595 364 632 nimiamque,
396 595 428 621 ut
455 591 515 629 lpse
543 590 602 629 ait,
626 599 655 620 et
685 594 823 631 ineptam
843 593 936 621 liuius·
958 593 1111 621 Auctoris
1132 594 1166 620 in
1190 593 1396 631 Etymologiis
1418 594 1616 630 scrutandis,
1640 595 1773 633 virisque
1794 596 1834 623 il⁴

158 654 326 690 lustribus,
347 655 398 692 qui
432 655 465 680 in
494 654 625 691 singulis
655 654 729 681 lucis
749 655 818 681 nati
841 659 912 681 sunt
926 676 934 689 ,
963 654 1178 691 prolixitatem.
1201 663 1293 691 aegre
1305 654 1417 688 serens
1441 664 1479 681 ac
1497 654 1689 692 singularem
1709 656 1774 683 eius
1799 657 1832 683 in

156 714 347 752 longitudine
369 719 398 741 et
431 713 598 741 latitudine
630 713 814 749 definiendis
845 713 1064 751 diligentiam,
1099 724 1136 740 ea
1157 719 1280 740 tantum
1298 719 1530 750 commemorat,
1556 725 1635 752 quae
1656 715 1702 743 ad
1717 721 1833 744 rectam

156 775 324 802 Nominum
357 775 552 811 scriptionem
583 778 612 801 et
637 774 789 801 Locorum
824 775 918 801 situm
952 773 1195 811 cognoscendum
1213 775 1382 811 pertinent.
1424 774 1504 801 Alia
1523 784 1593 802 vero
1609 775 1646 802 de
1664 785 1719 802 suo
1743 776 1832 803 addit

154 840 181 861 et
204 834 366 869 illustrat,
399 834 465 861 alia
499 834 646 871 corrigit,
679 844 758 871 quae
787 833 836 861 vel
865 843 902 861 ex
934 832 1132 860 diversarum
1165 834 1325 870 regionum
1343 833 1451 860 incolis
1471 839 1527 861 aut
1544 835 1830 872 peregrinatoribus

154 893 263 921 melius
294 893 457 929 didicerit,
492 898 548 920 aut
575 894 639 931 ipse
667 894 699 921 in
734 893 895 921 itineribus
924 894 1007 929 suis,
1039 893 1227 930 praesertim
1257 893 1289 920 in
1316 893 1527 928 Praefectura
1550 893 1763 931 Bagdadica,
1783 895 1833 922 oh-

152 953 334 981 servaverit.

191 1009 285 1040 Dictis
315 1008 350 1039 de
374 1009 539 1040 Literarum
572 1009 768 1040 Arabicarum
788 1008 909 1048 Studio,
942 1010 979 1040 ab
999 1020 1181 1041 nasutum
1204 1010 1378 1049 emendato,
1400 1010 1458 1041 alia
1481 1011 1569 1041 etiam
1591 1011 1699 1041 addere
1721 1013 1831 1050 potuis-

148 1077 229 1106 sem,
264 1068 292 1098 in
317 1068 420 1106 quibus
452 1068 502 1100 Vir
524 1079 653 1100 summus
675 1070 799 1100 multum
824 1079 936 1108 qnoque
951 1079 1060 1108 operae
1083 1069 1187 1108 posuit.
1231 1072 1479 1100 Grammaticam
1501 1071 1566 1101 volo
1588 1075 1615 1100 et
1637 1073 1828 1113 Lexicogra-

145 1130 263 1167 pln'am..
307 1128 400 1157 Illius
423 1128 451 1157 in
484 1133 553 1158 nota
589 1128 626 1158 ad
657 1139 685 1167 p.
714 1137 759 1164 14.
780 1128 831 1158 lin.
858 1132 892 1159 15
914 1138 929 1158 a
952 1128 1008 1159 fine
1030 1128 1185 1167 specimen
1211 1129 1426 1168 ixdicavimu55
1461 1132 1554 1160 Ιιιιίιις
1572 1131 1757 1168 praeclarum
1778 1141 1829 1161 ex-

146 1192 204 1218 stat
236 1187 444 1219 documentum
477 1188 507 1218 in
538 1200 666 1218 mmm.
698 1189 909 1227 annotatione,
941 1201 1034 1220 eom
1067 1193 1095 1219 et
1125 1189 1154 1219 in
1176 1189 1276 1230 primis
1298 1201 1471 1221 wammam
1494 1190 1666 1222 Lexicorum
1689 1192 1828 1231 exemplis

147 1249 190 1285 (in
214 1247 310 1278 Catil.
341 1248 419 1278 laud.
446 1259 474 1287 p.
509 1251 565 1280 116
597 1258 656 1287 seq.
687 1248 921 1279 commemoratis
954 1253 983 1279 et
1004 1249 1168 1288 descriptis)
1194 1250 1303 1280 addita.
1350 1251 1537 1281 VVILLMETI
1562 1252 1639 1282 enim
1660 1252 1759 1283 Lexici
1776 1262 1826 1283 ex·

145 1307 275 1346 emplum
300 1307 411 1347 insigne
444 1318 547 1339 revera
581 1313 623 1339 est
652 1313 874 1339 monumentum
907 1308 1087 1339 incredibilis
1117 1308 1198 1348 scre,
1228 1320 1284 1348 quo
1321 1322 1512 1342 mmmmm
1535 1311 1564 1341 in
1588 1311 1669 1342 libris
1691 1312 1825 1343 Arabicis

145 1367 229 1397 editis
261 1367 434 1406 ineditisque
464 1367 591 1407 legendis
623 1372 754 1399 versatus
786 1373 852 1407 est,
877 1368 998 1399 ardoris.
1054 1367 1254 1407 Scriptorum,
1286 1380 1409 1408 qnorum
1433 1371 1510 1402 locos
1533 1371 1639 1409 passim
1662 1372 1821 1410 explicuit,

146 1426 300 1465 nonnulli,
337 1427 368 1457 in
399 1427 465 1457 solis
498 1426 597 1465 primis
625 1427 738 1458 duabus
769 1426 929 1465 Alpliabeti
959 1426 1051 1457 literis
1076 1427 1174 1464 obvii,
1207 1427 1381 1465 Speciminis
1404 1428 1466 1459 loco
1485 1429 1592 1460 ibidem
1613 1429 1642 1460 ii
1666 1430 1731 1461 Cal.
1751 1441 1824 1461 enu-

147 1491 311 1516 merantur.
354 1485 427 1517 Pars
456 1487 557 1525 exigua
585 1491 701 1517 tantum
734 1486 820 1516 huius
847 1485 976 1515 inliiitzie
1005 1485 1173 1516 erulitionis
1194 1485 1324 1517 thesauri
1350 1487 1380 1517 in
1403 1500 1574 1519 nunaunt
1596 1489 1719 1528 Scriptis
1739 1490 1822 1522 editis

146 1546 281 1576 innotuit.
325 1546 422 1584 Quam
449 1546 485 1576 ob
521 1555 640 1576 causam
673 1546 822 1576 laetentur
850 1545 1026 1583 Nistrates‚
1059 1550 1087 1575 et
1119 1545 1191 1576 haec
1226 1546 1397 1585 volumina,
1432 1552 1461 1578 et
1494 1548 1552 1578 alia
1585 1559 1673 1587 qnam
1696 1549 1820 1588 plurima

147 1605 227 1638 MSS,
261 1610 290 1636 ct
319 1616 454 1645 magnam
478 1605 637 1644 librorum,
661 1617 832 1636 nnuman
859 1605 1050 1635 annotatione
1084 1605 1313 1645 instructorum,
1348 1606 1461 1645 copiam
1495 1607 1697 1639 Bibliothecae
1729 1609 1764 1640 L.
1786 1609 1821 1639 Β.

145 1667 260 1695 ixo‘einta
282 1674 343 1695 esse
361 1689 369 1703 ‚
400 1665 572 1704 nullumque
605 1664 666 1695 fere
701 1664 828 1703 librum,
862 1673 948 1702 q-iein
982 1663 1019 1694 ab
1042 1662 1156 1695 Exteris
1179 1665 1342 1706 comparari
1372 1675 1458 1706 aegre
1491 1667 1674 1705 sivissemus,
1704 1668 1741 1698 ab
1774 1669 1816 1699 his

145 1735 179 1754 ex
200 1724 301 1754 Patria
321 1723 450 1754 delatum
474 1733 545 1754 esse.

186 1783 221 1812 P.
244 1794 293 1813 22.
317 1783 366 1812 lin.
393 1794 440 1813 11.
485 1783 682 1813 Hnnxrnns
705 1804 740 1808 —
763 1785 889 1812 consitio
917 1800 945 1804 —
971 1790 1049 1812 erat.
1093 1782 1138 1812 De
1173 1792 1206 1813 eo
1227 1783 1347 1815 consilio
1371 1784 1502 1822 loquitur
1522 1796 1650 1815 HAMAK-
1670 1785 1699 1816 in
1724 1787 1817 1827 praef.

150 1846 236 1882 Spec.
261 1844 330 1872 Cat.
352 1852 380 1880 p.
398 1841 450 1872 ΙΙΙ.

187 1901 221 1932 Ρ.
246 1912 294 1931 22.
317 1901 367 1930 lin.
393 1911 440 1940 19.
486 1903 573 1939 Quae
597 1918 633 1924 —
656 1904 863 1939 conferentem
883 1899 953 1939 Leg.
974 1910 1004 1931 v.
1022 1910 1049 1930 c.
1071 1903 1154 1931 Bthl.
1174 1904 1256 1932 Crit.
1278 1904 1361 1931 Νου.
1379 1901 1440 1940 111,
1461 1913 1490 1941 p.
1508 1907 1576 1934 312.

188 1960 221 1990 Ρ.
246 1971 294 1990 22.
317 1960 367 1990 lin.
393 1971 440 1991 10.
464 1969 480 1989 a
503 1959 527 1989 s.
568 1962 640 1990 Hoc
669 1962 796 1990 consilio
829 1973 864 1979 -·
901 1961 1120 1999 expediendas.
1162 1960 1238 1991 Usus
1269 1971 1332 1991 sum
1361 1960 1429 1999 ipsis
1463 1974 1633 1994 umnam
1663 1965 1758 1996 verbis
1787 1966 1817 1997 in

146 2018 238 2058 praef.
271 2021 364 2049 Misc.
398 2021 517 2049 Plzoen.
547 2018 583 2049 L.
606 2018 642 2049 B.
665 2022 761 2057 1828,
792 2029 822 2057 p.
842 2018 881 2051 VI
902 2023 930 2049 et
958 2028 1016 2057 seq.
1059 2018 1143 2051 Vidd.
1170 2019 1257 2050 etiam
1290 2019 1368 2050 dicta
1398 2020 1459 2052 eius
1486 2020 1514 2051 in
1538 2021 1631 2060 praef.
1654 2025 1816 2055 Diam-ibn

145 2081 232 2109 Plzil.
255 2081 331 2109 Crit.
348 2080 384 2108 de
405 2080 546 2108 Monam..
565 2080 685 2118 aliquot
706 2081 789 2108 Pun-
809 2077 844 2108 L.
865 2077 901 2108 B.
927 2081 1022 2117 1822,
1046 2088 1074 2116 p.
1094 2077 1131 2108 ll.

187 2137 222 2169 P.
242 2149 292 2168 22.
314 2137 365 2168 Ιίῐι.
388 2150 415 2177 7.
437 2147 454 2167 a
477 2136 498 2167 s.
544 2139 832 2167 commentationem
867 2140 898 2166 in
930 2139 1085 2167 Libellum
1115 2139 1152 2167 de
1188 2140 1265 2168 Vita
1299 2150 1337 2168 ac
1359 2147 1454 2169 morte
1476 2143 1715 2181 Prophetarum.
1759 2142 1819 2174 Ex-

144 2201 203 2227 stat
231 2196 305 2227 haec
324 2196 435 2227 Comm.
455 2196 485 2227 in
509 2199 587 2237 opp.
608 2199 699 2227 Latt.
720 2198 766 2227 Cl.
789 2200 836 2228 3³2
856 2197 936 2227 Ins-t.
956 2198 1032 2237 Reg.
1050 2198 1142 2236 Belg.
1164 2200 1237 2227 tom.
1256 2196 1298 2235 V,
1319 2197 1416 2228 Amsl.
1440 2201 1527 2230 1833.

186 2256 221 2287 P.
245 2261 294 2289 23·
312 2258 363 2288 lin.
387 2260 417 2289 6.
460 2260 511 2290 Ne
531 2259 684 2288 dicam—
697 2258 892 2288 admittebat.
921 2255 1005 2289 Vidd.
1026 2255 1103 2286 dicta
1124 2255 1153 2286 ln
1176 2258 1264 2287 Bibl.
1283 2259 1359 2288 Crit.
1380 2260 1462 2289 Nou.
1479 2258 1523 2297 V,
1547 2261 1758 2297 p.362-365.

186 2315 220 2346 P.
246 2319 293 2347 23.
314 2317 363 2349 lin.
390 2325 436 2353 14.
481 2320 518 2348 In
540 2326 668 2348 mentem
693 2336 726 2343 —
752 2321 912 2348 rationem.
957 2316 1021 2348 Vid.
1043 2318 1127 2346 Bibl.
1150 2318 1227 2347 Crit.
1248 2319 1330 2349 Nou.
1349 2317 1393 2357 V,
1416 2321 1589 2354 361—423.

1560 2378 1581 2410 9
