2196 2950
100 1130 222 1202 Post
259 1166 421 1210 quinque
459 1175 571 1198 annos
611 1165 744 1198 iterum
782 1176 826 1197 ex
866 1164 933 1198 hoc
967 1165 1045 1199 loco
1087 1166 1197 1201 verba
1227 1166 1437 1210 facturum,
1489 1167 1687 1210 Virorum,
1731 1171 1794 1213 qui

94 1232 258 1266 Scholam
282 1231 603 1275 Franequeranam
628 1230 713 1263 olim
732 1236 911 1264 ornarunt
925 1255 934 1273 ‚
955 1232 1022 1264 hoc
1041 1244 1127 1266 vero
1147 1235 1320 1278 temporis
1343 1235 1458 1279 spatio
1482 1234 1575 1267 diem
1598 1234 1767 1268 obierunt
1782 1261 1791 1278 ,

96 1309 152 1330 me
201 1296 299 1330 subit
334 1297 514 1341 cogitatio.
583 1295 704 1338 Quam
742 1308 825 1329 cum
855 1297 1043 1341 instalum,
1077 1299 1115 1330 in
1145 1310 1222 1332 eam
1256 1300 1412 1333 duorum
1438 1301 1475 1333 in
1509 1301 1636 1345 primis
1668 1312 1795 1333 recor--

97 1363 277 1397 dationem
324 1363 451 1405 venio,
494 1367 536 1395 ut
578 1362 701 1395 dolore
752 1361 925 1407 frangar,
968 1364 1134 1407 gratique
1184 1376 1270 1408 erga
1322 1365 1386 1398 hos
1440 1366 1549 1398 animi
1583 1371 1620 1398 et
1648 1367 1793 1410 pietatis

95 1429 283 1472 sensibus,
337 1429 382 1462 ad
430 1428 612 1473 publicam
660 1429 825 1472 ipsorum
877 1431 1250 1463 commemorationem
1292 1431 1586 1475 impellentibus,
1643 1431 1792 1475 obsequi

97 1506 216 1539 cogar.
268 1493 325 1526 Ex
361 1494 415 1526 his
442 1494 534 1526 alter
565 1494 704 1537 insigne
740 1492 811 1526 fuit
849 1491 1060 1527 Academiae
1077 1520 1086 1537 ,
1114 1496 1274 1538 primum
1300 1495 1480 1528 Frisiacae
1497 1521 1507 1539 ‚
1536 1497 1661 1529 deinde
1688 1496 1793 1541 Lug-

95 1560 374 1594 duno-Batavae
391 1584 400 1601 ,
438 1559 546 1592 decus
565 1583 574 1600 ‚
615 1568 796 1591 IOHANNES
821 1569 1031 1592 voonanS.
1084 1561 1203 1602 Quem
1225 1559 1400 1593 Vestrum
1423 1562 1611 1603 nonnulli,
1638 1561 1796 1595 Audito-

94 1629 174 1660 res!
212 1638 279 1672 per
311 1637 462 1667 novem,
511 1637 601 1669 quos
637 1623 696 1657 hic
728 1625 849 1669 degit,
880 1637 994 1657 annos
1034 1626 1238 1669 cognitum,
1273 1627 1393 1671 magni
1425 1628 1495 1659 iam
1529 1628 1790 1672 aestimarunt,

95 1693 197 1725 cuius
231 1693 411 1736 ingentem
448 1691 688 1724 cruditionem
723 1702 846 1723 omncs
873 1692 1040 1735 deinceps
1079 1691 1245 1724 admirati
1284 1704 1431 1735 sumus,
1468 1694 1644 1737 cuiusque
1666 1705 1794 1738 magna

93 1759 221 1792 merita
264 1759 386 1791 cuncti
423 1757 618 1790 celebrant.
681 1756 804 1790 Huius
839 1757 990 1799 laudCS,
1030 1769 1051 1789 a
1091 1757 1298 1790 Clarissimo
1332 1769 1516 1792 nescizmo
1554 1760 1693 1803 egregie
1723 1760 1794 1793 du-

94 1824 180 1856 dum
222 1825 430 1868 expositas,
472 1835 554 1866 me,
594 1823 623 1855 si
656 1823 790 1867 possim
828 1823 953 1867 digne,
989 1833 1086 1855 nunc
1121 1834 1198 1855 esse
1227 1828 1538 1866 retractaturum,
1572 1835 1678 1856 nemo
1709 1837 1793 1857 sane

93 1893 290 1933 exspectat.
343 1888 423 1920 Hac
457 1888 551 1920 enim
583 1898 753 1921 VOORSTII
789 1886 977 1921 Memoria
1005 1893 1046 1920 ut
1083 1899 1261 1922 VOORSTIO
1296 1894 1571 1922 monumentum
1608 1891 1791 1923 eonditum

94 1958 148 1985 est
192 1957 440 1997 perpetuum,
494 1953 545 1985 ita
588 1951 658 1985 Vir
706 1951 970 1986 Celeberrimus
1013 1954 1158 1987 monitis
1204 1954 1277 1986 suis
1329 1959 1365 1987 et
1397 1956 1604 1999 praeceptis
1642 1956 1680 1988 in
1712 1968 1791 1989 meo

93 2019 210 2051 animo
256 2018 456 2063 animisque
501 2018 663 2050 omnium
702 2017 980 2062 Discipulorum
1016 2019 1107 2053 vivit
1143 2024 1349 2064 perpetUO,
1386 2031 1450 2052 nec
1489 2032 1662 2065 umquam
1700 2023 1794 2055 scri-

91 2085 164 2128 ptis
194 2084 268 2117 suis
303 2085 426 2118 vivere
460 2084 610 2117 desinet.

138 2149 261 2183 Huius
306 2149 389 2183 Viri
421 2150 559 2183 obitum
595 2155 826 2195 reputantes,
860 2148 929 2183 A.!
962 2162 1108 2195 gravem
1144 2152 1288 2196 quidem
1323 2154 1500 2185 iacturam
1529 2153 1714 2196 dolemus,
1753 2160 1789 2187 at

93 2215 170 2248 Deo
216 2216 262 2249 O.
306 2215 359 2248 M.
401 2217 534 2260 gratias
570 2216 676 2249 simul
709 2216 869 2260 agimus,
909 2216 1018 2250 talem
1046 2216 1178 2250 Virum
1210 2218 1255 2250 ad
1284 2224 1505 2252 senectutem
1537 2230 1655 2264 usque
1685 2219 1788 2252 nobis

92 2283 250 2315 servanti
289 2282 518 2315 incolumem.
579 2280 635 2314 Ad
674 2294 783 2327 quam
828 2283 968 2316 utinam
1013 2289 1048 2316 et
1097 2284 1215 2327 alter,
1267 2286 1369 2318 cuius
1406 2290 1559 2318 mortem
1599 2285 1788 2329 lugemus,

92 2345 232 2379 Doctor
264 2349 516 2392 pervenisset,
553 2348 615 2382 sed
652 2367 701 2373 --
733 2349 829 2381 hunc
864 2349 943 2394 ipso
981 2351 1106 2384 aetatis
1140 2350 1230 2384 flore
1256 2352 1310 2386 vis
1346 2351 1645 2388 vehementissimi
1673 2350 1789 2384 morbi

91 2413 276 2457 inopinato
316 2415 497 2459 oppressit
532 2420 568 2448 et
598 2414 699 2450 velut
728 2416 937 2460 prostravit.
