2196 2950
720 152 1166 187 ORATIO.
1733 155 1776 188 31

88 273 187 300 [anta
223 272 335 309 sunt,
361 270 401 298 ut
437 263 480 296 ab
515 264 569 297 his
604 265 721 309 iisque
755 266 921 309 gentibus
959 266 1067 308 solis,
1095 276 1188 309 quae
1221 265 1302 310 pari
1335 265 1433 308 fere,
1468 271 1577 310 atque
1600 265 1679 309 illi,
1707 279 1777 311 po-

86 333 220 365 tentiae
258 337 294 364 et
324 329 538 363 auctoritate
572 328 716 371 valent,
757 328 881 373 perfici
907 335 1054 373 queant.
1107 330 1249 373 Cuique
1282 341 1394 372 vero,
1434 332 1529 374 quod
1557 341 1777 364 IIAMAKEnUs

86 397 219 442 aliique
251 407 359 440 quam
387 395 537 439 plurimi
566 405 631 427 suo
663 395 867 427 docuerunt
897 394 1087 439 exemplo,
1120 405 1188 438 pro
1228 405 1294 426 sua
1323 393 1496 428 facultate
1518 397 1605 429 haec
1629 408 1777 441 promo-

86 474 170 496 vere
211 462 305 494 licet.
369 459 535 493 Subsidia
572 459 725 492 habebat
763 459 824 492 ille
854 460 950 492 haud
980 459 1182 504 spernenda
1216 459 1383 502 quidem,
1417 460 1477 492 sed
1509 472 1599 503 quae
1634 462 1777 494 minime

85 526 285 572 comparari
333 529 486 569 possunt
529 536 610 557 cum
661 525 793 559 divitiis
844 524 1040 567 literariis,
1070 534 1225 568 quarum
1256 524 1374 556 aditus
1407 525 1484 557 aliis
1516 531 1630 569 patet.
1683 526 1775 568 His,

86 593 148 637 qui
184 591 252 636 ipsi
289 595 434 635 praesto
468 595 596 632 erant,
638 589 798 623 fontibus
833 590 1101 634 diligentissime
1141 600 1254 632 usus,
1290 589 1378 621 nihil
1418 589 1558 622 amabat
1589 591 1775 623 ardentius

86 669 193 702 quam
245 668 371 689 eorum
410 667 479 700 ope
513 656 550 688 in
583 655 822 689 abditissimos
860 657 1052 690 universae
1083 655 1255 688 historiae
1293 654 1470 688 Asiaticae
1510 668 1672 689 recessus
1710 668 1778 701 pe-

84 723 196 755 nitius
245 722 282 754 in
327 721 401 754 dics
436 722 634 765 inquirere.
695 722 816 764 Quam
850 721 895 754 ob
929 732 1073 754 causam
1111 719 1318 753 Turcarum
1359 720 1629 765 Persarumque
1662 721 1778 754 Tata-

84 799 209 820 rorum
247 792 283 820 et
322 786 579 830 Mogolorum,
606 786 832 831 aliarumque
865 788 1026 831 gentium
1054 798 1111 819 res
1140 791 1286 830 gestas,
1325 785 1462 818 collatis
1500 785 1662 819 Arabicis
1704 788 1776 831 Sy-

84 853 263 897 riacisque
304 852 478 896 Scriptis,
522 857 563 885 ut
606 852 642 884 in
693 852 877 897 Operibus
919 853 996 885 eius
1044 852 1179 896 ubique
1223 855 1276 884 est
1320 851 1577 896 conspicuum,
1619 852 1777 895 quotidie.

85 923 204 951 mente
239 916 408 960 agitabat.

131 983 284 1014 Praeter
326 980 483 1026 populos
517 980 693 1014 Asiaticos
741 982 802 1014 alii
836 993 982 1026 quoquc
1021 981 1106 1014 olim
1141 982 1375 1023 floruerunt,
1427 992 1584 1025 quorum
1631 987 1776 1015 aeterna

82 1052 137 1081 est
168 1046 320 1080 nominis
359 1046 571 1090 celebritas,
608 1059 840 1091 quorumque
876 1047 1020 1092 Scripta
1055 1047 1176 1081 divina
1211 1053 1247 1080 et
1276 1047 1404 1079 merito
1437 1046 1582 1079 laudata
1614 1048 1776 1091 antiqui—

81 1119 161 1155 tas,
202 1112 366 1156 quamvis
405 1123 513 1155 quam
554 1112 705 1157 plurimi
744 1113 787 1145 de
819 1113 873 1145 his
908 1124 976 1158 per
1005 1112 1142 1156 aliquot
1182 1112 1304 1144 secula
1334 1113 1565 1145 commentati
1600 1113 1691 1155 sint,
1730 1125 1774 1145 ex

83 1176 330 1211 Orientalibus
370 1176 530 1210 sontibus
566 1178 722 1211 multum
759 1178 917 1221 lucrari,
951 1189 996 1210 ex
1029 1178 1145 1222 iisque
1179 1177 1264 1210 solis
1295 1177 1450 1210 lucidam
1484 1178 1521 1210 in
1556 1178 1679 1210 multis
1707 1189 1774 1210 ex·-

81 1242 313 1288 plicationem
355 1242 518 1287 accipere
562 1249 599 1277 et
627 1248 780 1288 possunt
816 1249 851 1276 et
888 1254 973 1275 sane
1011 1248 1210 1275 merentur.
1275 1242 1437 1275 Graecos
1472 1243 1630 1284 intelligo
1665 1248 1774 1286 atquc

82 1307 275 1340 Romanos.
340 1307 397 1340 De
449 1308 581 1351 quibus
627 1309 692 1341 hoc
737 1314 809 1341 tam
844 1320 929 1343 vere
965 1309 1159 1350 statuitur,
1198 1313 1347 1351 tamque
1385 1308 1518 1340 diserte
1554 1319 1650 1340 nnnc
1683 1320 1773 1352 pro-

80 1373 203 1406 batum
239 1378 319 1416 est,
369 1378 409 1406 ut
449 1373 590 1406 nullum
633 1373 783 1407 dubium
826 1374 1008 1419 supersit,
1043 1374 1155 1418 quin,
1198 1374 1227 1406 si
1263 1373 1428 1405 omnibus
1465 1374 1594 1406 harum
1626 1372 1774 1406 Litera-·

81 1450 164 1470 rum
210 1438 404 1481 Patronis,
457 1444 500 1471 ut
536 1439 641 1472 lzoclie
678 1439 882 1483 quibusque
913 1451 1038 1471 eorum
1075 1439 1416 1483 perspicacissimis,
1447 1439 1497 1470 ita
1545 1438 1632 1470 olim
1665 1439 1772 1471 ctiam

80 1504 146 1536 hac
183 1503 226 1535 de
260 1514 299 1536 re
332 1504 419 1536 adeo
445 1515 660 1548 persuasum
696 1503 845 1546 fuisset,
888 1505 998 1548 quin,
1031 1504 1202 1547 inquam,
1237 1503 1362 1536 heroes
1388 1503 1441 1535 illi
1464 1502 1606 1535 Literas
1637 1503 1772 1536 Orien—

81 1568 170 1601 tales
205 1579 277 1600 non
319 1580 450 1602 vanam
482 1568 700 1601 eruditionis
726 1568 939 1610 luxuriam,
981 1568 1055 1600 suis
1092 1567 1227 1599 Literis
1258 1567 1403 1599 nariam
1441 1567 1674 1610 habuissent,
1712 1570 1771 1601 sed

81 1645 208 1677 mag-no
254 1644 335 1665 cum
379 1634 507 1666 ardore
552 1634 621 1666 illis
658 1634 814 1666 colendis
855 1634 965 1677 magis
996 1634 1101 1665 etiam
1136 1633 1179 1664 de
1209 1643 1275 1664 sua
1307 1632 1496 1677 disciplina
1528 1633 1767 1675 meruissent,

79 1697 211 1730 samam
253 1697 318 1729 sibi
363 1697 618 1740 conciliantes,
664 1698 779 1731 multo
828 1699 1010 1730 maiorem.
1064 1695 1204 1729 Verum
1236 1696 1359 1729 laudes
1393 1697 1475 1729 illae
1508 1699 1641 1730 nostris
1676 1704 1769 1730 tem—

80 1763 230 1808 poribus
273 1768 377 1795 erant
417 1769 602 1805 servatae,
652 1775 851 1807 earumque
894 1773 1114 1796 HAMAKERUS
1149 1762 1309 1795 Patriam
1348 1769 1509 1796 nostram
1546 1776 1655 1807 seque
1690 1765 1767 1809 ipsc

80 1829 118 1860 in
164 1829 451 1860 communionem
502 1829 663 1861 adduxit.
723 1829 967 1862 HAMAKERUM
1013 1829 1080 1861 hoc
1119 1828 1267 1870 secisse,
1321 1829 1455 1861 nemini
1498 1830 1767 1873 inexpectatum

79 1893 210 1926 evenit.
262 1893 335 1936 Qui
370 1893 407 1925 in
438 1903 479 1924 eo
511 1892 647 1925 Iuvene
682 1893 866 1926 eruditum
896 1893 1121 1926 Graecorum
1156 1893 1357 1926 Auctorum
1392 1894 1649 1938 interpretem,
1688 1896 1766 1929 fer——

79 1959 275 2002 vidumque
319 1957 560 1991 Orientalium
601 1958 754 1991 amicum
800 1959 1096 2001 admirabantur,
1149 1959 1245 1991 hunc
1292 1964 1461 1993 eventum
1503 1971 1575 1992 non
1628 1961 1767 1995 frustra

79 2024 390 2068 praesagiverunt.
452 2022 601 2056 Graecis
648 2029 683 2056 et
715 2022 855 2056 Latinis
889 2022 1023 2056 Litoris
1057 2023 1239 2066 colendis,
1275 2029 1317 2056 ut
1345 2024 1446 2057 initio
1477 2037 1542 2058 sua
1571 2032 1667 2059 sorte
1701 2028 1766 2060 de—

81 2090 261 2132 stinatus,
314 2089 364 2122 ita
403 2088 533 2122 mentis
577 2088 809 2121 facultatibus
841 2089 885 2122 ab
924 2090 1004 2134 ipsa
1037 2096 1170 2122 natura
1205 2095 1312 2124 natus
1343 2102 1419 2124 esse
1453 2093 1655 2127 videbatur.
1708 2095 1762 2128 Ab

81 2167 121 2188 eo
161 2161 349 2200 tempore,
382 2167 454 2199 quo
489 2154 697 2188 Literarum
731 2155 857 2188 studiis
893 2167 930 2188 se
961 2156 1103 2195 tradere
1140 2157 1284 2201 potuit,
1325 2158 1362 2189 in
1395 2158 1553 2192 Graecas
1582 2166 1680 2194 totus
1705 2162 1765 2194 in-

82 2221 275 2265 cumbens,
316 2226 446 2254 cuncta
487 2220 564 2253 fere
599 2220 823 2254 Graecorum
867 2221 1011 2266 Opera,
1048 2222 1181 2265 nullis,
1208 2234 1254 2255 ne
1279 2222 1460 2258 inferioris
1487 2226 1630 2270 quidem
1656 2228 1758 2269 aevi,

80 2285 232 2330 Scriptis
261 2288 426 2330 omissis,
450 2287 616 2331 deinceps
643 2287 761 2331 legere
782 2287 937 2322 volebat.
991 2286 1075 2331 Qua
1098 2289 1135 2321 in
1165 2289 1317 2323 lectione
1345 2302 1417 2334 quo
1449 2291 1602 2324 ulterius
1629 2303 1763 2336 perge-

80 2350 167 2394 bat,
213 2362 253 2384 eo
300 2353 442 2398 saepius
479 2352 649 2385 molestae
682 2352 751 2397 ipsi
787 2359 891 2386 erant
921 2353 1133 2397 Editiones,
1164 2367 1185 2388 a
1212 2361 1378 2390 veterum
1411 2355 1663 2389 Librariorum
1703 2358 1762 2391 vi-

81 2417 140 2450 tiis
184 2417 342 2451 nondum
371 2423 558 2463 purgatae.
621 2416 775 2452 Assidua
812 2419 848 2452 in
881 2419 936 2453 his
967 2420 1194 2454 emendandis
1226 2422 1434 2455 exercitatio
1471 2421 1631 2456 criticae
1662 2435 1763 2456 amo-
