2196 2950
727 163 759 194 O
810 161 841 194 R
893 159 924 193 A
974 161 1007 194 T
1059 161 1073 194 I
1126 162 1171 193 (⁷).
1754 166 1792 199 ll

100 282 179 317 est,
235 276 295 308 sed
340 273 568 307 nihilominus
605 274 649 306 ad
682 272 854 306 Arabicas
889 285 1059 318 quoque,
1090 286 1180 317 quas
1212 275 1309 307 ultro
1345 288 1465 309 amare
1504 284 1698 322 coeperat,
1737 280 1792 312 cl.

103 353 297 376 WILLMETO
330 341 522 382 incitante,
557 350 640 371 mox
679 341 855 384 perrexit.
908 340 993 372 Illis
1032 351 1118 373 vero
1154 346 1295 372 tantum
1334 344 1531 386 temporis,
1571 349 1612 376 ut
1648 344 1713 377 sibi
1737 346 1795 379 vi—

102 415 198 441 ctum
239 411 454 451 quaereret,
505 405 713 449 impendere
760 406 978 450 cogebatur,
1019 411 1061 439 ut
1100 418 1202 449 eam,
1237 418 1347 450 quain
1384 411 1594 453 ceteroquin
1623 417 1795 455 exoptas—

103 480 180 516 set,
226 484 373 517 operam
415 471 470 504 liis
513 470 645 504 Litoris
677 471 763 504 dare
797 484 868 504 11011
904 478 1039 516 posset.
1099 472 1147 505 Iis
1177 478 1296 505 tamen
1335 474 1521 518 praeditus
1558 481 1634 507 erat
1667 479 1794 510 mentis

103 539 306 584 ingeniique
352 537 521 580 dotibus,
570 543 635 580 ut,
680 538 734 570 his
776 539 805 570 si
844 543 963 570 totum
1007 550 1044 571 se
1079 539 1266 582 traderet,
1303 539 1369 572 hoc
1406 540 1604 583 unicuique
1636 540 1792 575 faustum

103 604 345 638 Orientalium
372 603 581 636 Literarum
607 604 817 648 disciplinae
846 616 950 637 omen
973 616 1050 637 0550
1069 605 1267 639 videretur.
1334 606 1621 650 Suspicabantur
1647 619 1769 641 01111105
1785 635 1793 651 ,

100 670 241 703 dotibus
282 670 353 702 illis
388 671 562 714 cognitis,
594 681 826 703 nAMAKERUM
853 682 918 713 ea,
957 682 1050 715 quae
1084 670 1144 702 alii
1176 672 1422 714 invenissent,
1456 683 1530 704 11011
1566 673 1674 705 tacite
1706 687 1796 718 pro—

100 738 270 770 baturum
308 742 372 769 0111
416 737 557 781 integra
600 742 854 781 recepturum,
889 737 949 769 sed
983 743 1291 780 rctraetaturum,
1326 749 1420 771 nova
1459 744 1494 770 et
1528 739 1676 771 meliora
1708 752 1793 773 con—

100 804 201 836 tinuo
250 803 527 846 quaesiturum,
581 808 690 847 atque
733 803 864 835 horum
901 803 1104 836 studiorum
1140 803 1228 836 fines
1266 815 1410 848 semper
1444 804 1676 848 prolaturum
1705 818 1792 838 csse.

102 869 207 901 Hanc
241 869 464 914 probabilem
496 869 739 901 coniecturam
778 859 930 903 eventus
961 880 1035 901 non
1068 869 1207 902 sesellit.
1260 870 1431 913 Etenim,
1462 871 1556 914 quod
1574 872 1702 915 primo
1722 872 1796 905 loco

100 946 345 979 exponamus,
383 934 594 967 nniversam
620 934 785 978 ‹leislcelw
812 934 1034 966 Literaram
1061 935 1320 968 Semiticctrzim
1345 936 1524 969 ambitam
1548 937 1793 981 (ιιηρίεεΐεηε,

100 1000 166 1033 llas
201 1001 299 1045 ipsas
332 1000 369 1033 in
403 999 543 1032 Patria
576 1005 703 1033 nostra
733 1001 954 1034 instauravit
986 1006 1021 1034 et
1056 1001 1174 1034 tuitus
1206 1007 1259 1034 est
1294 1003 1501 1046 praeclare.

145 1067 419 1110 Franequeram
451 1066 674 1109 translatus,
712 1067 748 1099 in
784 1065 969 1109 Arabum,
1009 1068 1046 1100 in
1075 1068 1202 1112 primis
1239 1073 1360 1100 autem
1395 1069 1431 1101 in
1468 1068 1667 1101 Abulsedae
1696 1070 1796 1102 Scri-

100 1138 163 1177 pta
195 1131 382 1164 confestim
418 1131 614 1165 involabat.
667 1132 772 1174 Quae
808 1138 1033 1178 quantopere
1066 1133 1167 1167 brevi
1198 1139 1362 1179 tompore
1400 1136 1435 1167 in
1473 1147 1620 1167 succum
1651 1140 1686 1167 ct
1713 1147 1797 1168 san-

101 1198 245 1240 guinem
274 1198 518 1236 converterit,
556 1197 683 1230 Oratio
716 1197 898 1240 declarat,
927 1210 1058 1242 quam,
1096 1199 1239 1232 biennio
1271 1201 1432 1232 nondum
1466 1206 1618 1243 exacto,
1645 1200 1799 1244 Lugdu-

98 1269 186 1295 num
228 1268 400 1305 vocatus,
443 1263 605 1295 muneris
649 1263 698 1295 ibi
743 1264 955 1308 auspicandi
994 1276 1102 1297 causa
1138 1265 1286 1308 habuit,
1328 1267 1372 1298 (le
1408 1266 1583 1309 religione
1621 1265 1800 1298 Maltam-

99 1329 266 1371 medica,
303 1339 435 1372 magno
473 1328 622 1362 virtutis
657 1327 804 1361 bellicae
841 1330 946 1373 (qnid
981 1329 1023 1362 O.
1066 1331 1109 1362 Ο.
1145 1330 1392 1363 incitamento.
1458 1330 1630 1375 Lugduni
1656 1330 1796 1365 fervido

99 1395 210 1439 111110,
245 1407 317 1439 quo
350 1395 549 1439 flagrabat,
584 1396 704 1428 ardori
735 1397 844 1440 magis
887 1397 993 1430 etiam
1028 1401 1065 1427 et
1096 1401 1195 1428 totus
1225 1397 1386 1429 indulsit.
1451 1396 1505 1429 Ibi
1537 1397 1598 1430 illc
1628 1397 1796 1429 Codicum

102 1462 148 1493 0.
182 1460 229 1492 O.
268 1461 461 1493 thesaurus
492 1461 562 1504 ipsi
587 1466 737 1505 apertus
773 1466 863 1494 erat.
917 1461 959 1493 In
986 1462 1040 1494 his
1069 1462 1359 1506 perlustrandis,
1395 1463 1577 1506 legendis,
1610 1464 1799 1496 excutien-

102 1528 177 1569 dis,
214 1532 392 1571 quantum
431 1539 564 1572 operae
601 1532 711 1571 atque
746 1527 879 1560 laboris
918 1533 1094 1572 poneret,
1134 1528 1343 1561 incredibile
1379 1528 1491 1561 dictu.
1548 1528 1651 1561 Intra
1683 1530 1800 1561 trien—

100 1594 198 1626 nium
242 1593 349 1626 edidit
397 1592 584 1636 Specimen
618 1592 809 1636 Catalogi,
848 1605 920 1636 quo
952 1593 1040 1636 quid
1073 1593 1306 1627 emolumenti
1349 1605 1392 1626 ex
1428 1594 1498 1626 illis
1529 1595 1566 1626 in
1595 1595 1686 1627 hanc
1724 1595 1799 1627 dis-

97 1658 266 1703 ciplinam
296 1659 497 1701 redundet,
527 1658 733 1691 luculenter
768 1658 948 1703 probavit.
1004 1657 1143 1702 Aestu,
1175 1671 1246 1703 quo
1285 1659 1461 1704 Magister
1500 1666 1577 1693 crat
1615 1661 1797 1703 incensus,

99 1724 374 1769 Discipulorum
410 1725 519 1757 animi
556 1725 695 1769 pariter
729 1725 914 1758 ardescere
941 1731 1154 1770 coeperunt.
1217 1726 1368 1759 Omissis
1395 1727 1499 1769 aliis,
1530 1727 1685 1760 sufficiat
1718 1727 1799 1760 Vo-

99 1791 151 1823 bis
190 1792 227 1823 in
271 1797 426 1824 mentem
472 1802 660 1824 revocasse
706 1801 918 1824 CLARISSIUM
956 1797 991 1824 et
1028 1802 1365 1833 UYLENBROEKIUM,
1410 1792 1521 1825 Viros
1554 1793 1792 1826 Clarissimos.

100 1858 267 1899 Quorum
304 1857 363 1889 ille
396 1862 628 1901 praematura
665 1862 805 1899 morte,
846 1858 906 1889 cui
927 1869 1050 1890 omnes
1075 1858 1348 1903 disciplinarum
1376 1863 1537 1890 amantes
1567 1858 1683 1890 adhuc
1713 1859 1797 1891 illa-

101 1927 337 1966 crymantur,
366 1923 472 1954 etiam
497 1922 691 1966 impeditus
718 1928 794 1965 est,
835 1923 1027 1966 quominus
1053 1924 1241 1968 Specimen
1262 1923 1457 1956 Arabicum
1481 1923 1708 1966 absolveret3
1739 1925 1795 1958 1110

98 1999 183 2021 vero
202 2013 211 2029 ‚
265 1988 358 2020 edita
395 1999 487 2020 011110
525 1988 632 2020 huius
660 1987 772 2020 seculi
797 1989 965 2032 vigesimo
991 1989 1145 2021 secundo
1172 1988 1436 2022 Dissertatione
1453 2015 1462 2032 ,
1508 1990 1553 2022 cle
1579 1989 1650 2022 Ilm
1675 1990 1793 2024 Haci—

98 2052 205 2095 kalo,
237 2051 399 2085 Arabum
432 2052 676 2097 Geographo,
703 2053 884 2086 inclaruit.
947 2054 1204 2097 HAMAKERUS,
1233 2055 1418 2099 splendida
1451 2056 1487 2087 in
1521 2056 1612 2088 hanc
1643 2056 1794 2089 Disser—

101 2119 272 2151 tationem
319 2119 552 2151 annotatione
599 2119 827 2163 conscripta,
872 2119 941 2151 alia
988 2131 1061 2152 non
1107 2119 1245 2154 leviora
1282 2126 1402 2153 mente
1438 2121 1608 2165 agitabat.
1676 2121 1794 2155 Locus

102 2190 176 2227 est,
222 2184 438 2218 Auditores!
473 2186 511 2218 in
552 2185 702 2217 historia
731 2184 893 2218 Arabum
924 2185 1085 2218 literaria
1120 2196 1299 2230 perquam
1326 2185 1502 2229 difficilis,
1549 2199 1657 2232 quem
1691 2199 1794 2221 nemo

101 2261 272 2294 umquam
317 2251 436 2284 dedita
480 2262 592 2295 opera
634 2257 864 2295 exposuerat.
931 2251 1071 2284 Locum
1110 2251 1270 2297 intelligo
1313 2254 1357 2286 cle
1400 2252 1559 2298 Scriptis
1594 2253 1792 2296 lVakedii,

103 2316 297 2360 Scriptoris
338 2317 562 2350 nobilissimi.
622 2317 908 2357 Cuius,nomine
949 2329 1030 2350 cum
1072 2317 1156 2351 libri
1194 2319 1360 2352 nonnulli
1395 2319 1607 2361 ferrentur,
1647 2320 1710 2362 qui
1741 2319 1793 2353 illi

102 2379 214 2413 tribui
251 2389 465 2426 nequeunt,
520 2383 589 2428 ipsi
634 2388 778 2426 tamen,
830 2385 893 2428 qui
929 2389 1214 2428 cognoscantur,
1248 2390 1334 2417 sunt
1371 2385 1592 2429 dignissimi,
1624 2384 1796 2429 disquisi-

102 2447 150 2479 tio
189 2446 232 2479 de
270 2450 447 2491 germanis
482 2449 591 2483 huius
624 2450 693 2484 viri
728 2450 871 2495 seriptis
905 2461 977 2483 non
1014 2451 1131 2484 minus
1163 2451 1307 2495 gravior
1339 2456 1444 2494 erat,
1476 2462 1584 2495 quam
1625 2451 1668 2486 de
1686 2451 1792 2485 adul-
