2196 2950
712 148 1159 184 ORATIO.
1736 141 1782 175 47

92 265 144 297 bis
188 264 324 309 agenda
362 261 669 295 commendantur.
735 261 833 294 Tum
873 267 1035 305 optatam
1067 260 1280 303 contingetis
1315 263 1458 292 metam.
1523 256 1622 290 Tum
1658 254 1771 287 Vobis

94 331 200 363 etiam
248 328 369 362 laudes
409 331 558 372 paratae
606 330 713 367 sunt,
761 336 851 369 quas
886 327 1018 370 egregii
1051 330 1326 369 consequuntur
1361 324 1570 356 Literarum
1604 321 1773 355 studiosi.

98 394 315 435 Audivistis,
362 391 448 436 quid
492 392 600 424 hocce
642 402 736 423 anno
780 391 954 424 evenerit.
1018 390 1161 425 Iuvenis
1202 389 1560 434 praestantissimus,
1600 396 1778 420 IOHANNES

99 468 322 492 wYssRANDUs
367 467 509 499 TROMP,
554 456 638 489 olim
682 456 789 489 huius
822 455 1018 498 Athenaei,
1056 467 1154 488 nunc
1192 454 1404 487 Academiae
1442 451 1777 497 Lugduno-Bata-

100 535 164 556 vae
201 523 406 564 Alumnus,
450 522 600 564 ibidem,
648 520 854 567 conscripsti
903 521 1234 563 commentatione,
1273 530 1386 552 aureo
1434 518 1596 563 praemio
1631 523 1779 550 ornatus

97 595 162 621 est.
221 587 289 620 Sed
331 587 418 631 quid
470 586 606 631 plura?
667 586 906 620 Verissimum
955 569 1031 630 est,
1080 586 1177 630 quod
1225 586 1364 618 utinam
1402 595 1423 616 a
1467 583 1641 617 Vestrum
1674 583 1779 615 etiam

96 654 220 697 quovis
268 652 547 697 comprobetur,
597 657 701 686 vetus
745 658 912 686 nostrum
950 652 1210 687 Proverbium:
1251 649 1411 683 excitant
1449 649 1612 691 monita,
1650 654 1774 681 attra—

96 721 189 753 stunt
214 719 388 763 exempla.

143 1114 341 1157 Superest,
388 1116 430 1143 ut
460 1109 635 1143 Athenaei
675 1111 827 1156 regundi
863 1122 998 1144 munus
1038 1109 1248 1143 Successori
1282 1109 1433 1142 tradam.
1496 1107 1538 1140 In
1574 1107 1780 1152 proximum

94 1177 189 1210 enim
231 1176 416 1210 biennium
447 1188 468 1209 a
499 1176 740 1210 Curatoribus
777 1176 1020 1222 Amplissimis
1064 1176 1200 1209 Rector
1224 1181 1368 1208 creatus
1403 1180 1457 1208 est
1486 1183 1698 1206 FRANCISCUS
1735 1184 1782 1205 DE

93 1253 238 1285 calwe,
289 1241 384 1275 Iuris
426 1241 629 1286 Utriusque
664 1242 828 1285 Doctor,
865 1243 1099 1286 eiusdemque
1131 1242 1169 1274 in
1206 1240 1392 1274 Athenaeo
1426 1245 1551 1273 nostro
1591 1237 1781 1271 Professor

96 1307 326 1341 Ordinarius.
377 1306 432 1340 Te
466 1318 575 1352 ergO,
614 1306 682 1340 Vir
705 1307 781 1340 CL!
820 1306 1013 1341 Rectorem
1047 1305 1281 1351 Magnificum
1314 1305 1488 1339 renuncio
1511 1310 1547 1338 et
1576 1303 1780 1350 proclamo,

94 1372 221 1418 Teque
267 1373 405 1417 invito,
447 1378 489 1406 ut
518 1372 589 1406 huc
629 1373 823 1416 escendas,
867 1372 1015 1418 Tuique
1049 1373 1193 1419 imperii
1228 1372 1341 1406 fasces
1376 1370 1563 1405 Maiorum
1592 1381 1693 1403 more
1722 1381 1783 1402 ac-

96 1440 219 1484 cipias.

143 1504 201 1537 En
240 1504 353 1548 igitur
387 1503 567 1549 Sceptra,
608 1515 702 1548 quae
737 1515 810 1537 non
840 1515 881 1536 ea
914 1503 1026 1537 Nobis
1060 1504 1204 1549 negotia
1234 1503 1410 1536 facessere
1448 1502 1588 1546 solent,
1625 1506 1669 1535 ut
1700 1500 1783 1547 pla—

98 1571 201 1612 cida,
238 1581 346 1614 quam
388 1568 447 1603 hic
484 1570 667 1615 degimus,
704 1570 780 1604 vita
818 1569 872 1603 his
905 1570 1070 1614 gerendis
1103 1580 1324 1614 magnopere
1350 1568 1535 1601 turbetur.

142 1634 285 1669 Albam
315 1636 406 1669 illud
435 1636 581 1679 multis,
615 1636 669 1669 Te
701 1636 883 1679 Rectore,
920 1635 1166 1680 locupletetur
1205 1634 1437 1677 nominibus,
1461 1634 1578 1678 iisque
1603 1633 1779 1675 maxime,

95 1713 187 1746 quae
241 1701 424 1735 Athenaeo
472 1702 780 1747 Franequerano‚
834 1713 927 1746 quae
972 1701 1142 1744 Patriae,
1192 1713 1284 1745 quae
1331 1700 1524 1734 universae
1573 1698 1781 1734 Literarum

98 1767 455 1813 Disciplinarumque
492 1779 621 1803 causae
650 1768 723 1802 sint
755 1768 911 1810 honori,
951 1767 1071 1801 decori
1100 1773 1211 1812 atque
1242 1771 1466 1801 ornamento.
