2196 2950
355 172 396 206 12
822 174 867 205 T.
934 173 980 205 G.
1046 173 1075 205 Ι.
1140 173 1575 207 IUYNBOLL

349 289 496 329 terinis,
544 294 652 330 atque
701 287 831 319 horum
878 292 1116 331 argumento,
1161 288 1308 321 consilio
1358 294 1393 321 et
1431 294 1593 322 auctore.
1646 287 1752 321 Hanc
1793 291 2037 332 quaestionem

346 353 602 396 preffigandam
645 351 711 384 sibi
747 358 937 385 sumserat.
1001 353 1109 396 Quod
1148 365 1220 397 quo
1255 354 1383 387 melius
1422 354 1489 387 sibi
1519 355 1686 397 cederet,
1721 354 1913 387 codicibus
1951 355 2040 389 Lei-

347 417 514 449 densibus
554 417 809 461 perlustratiS,
847 418 916 450 alia
949 419 1057 451 etiam
1086 430 1212 451 eorum
1253 419 1419 464 Operum
1451 421 1617 466 exempla
1648 421 1868 465 anquirere,
1902 433 2040 466 eaque,

347 494 439 526 quae
476 483 512 515 in
561 483 638 516 aliis
682 483 912 516 Bibliotheeis
956 490 1221 527 servarentur,
1253 486 1311 518 vel
1350 487 1431 530 ipsa
1467 486 1659 529 conferre,
1693 486 1750 520 vel
1782 498 1907 519 eorum
1937 488 2036 519 noti-

347 549 429 581 tiam
459 549 524 581 sibi
559 561 770 594 comparare
803 550 982 582 studebat.
1047 549 1167 582 Probe
1192 550 1396 595 intelligens
1424 552 1461 584 in
1496 552 1550 584 his
1575 553 1859 596 conquirendis,
1894 553 2041 597 longum

346 623 490 661 tempus
525 621 755 648 consumtum
789 617 857 658 iri,
895 617 1035 648 interea
1070 615 1106 649 in
1142 616 1419 661 Discipulorum
1447 618 1599 661 gratiam
1630 629 1746 650 unum
1778 630 1822 650 ex
1849 619 1903 651 his
1927 618 2038 651 Codd.

346 681 581 715 Leideusibus
622 681 754 723 edidit,
795 681 1048 714 narrationem
1091 682 1318 714 exhibentem
1356 682 1528 727 Aegypti
1566 695 1590 715 α
1622 682 1813 716 Moslemis
1851 695 2042 728 eapugna-

345 755 413 781 tae.
477 748 586 781 Hunc
624 759 770 791 quoque
813 746 967 780 Librum
1005 747 1189 780 uberrima
1220 753 1330 792 atque
1362 748 1542 792 exquisita
1577 749 1809 781 annotatione
1842 749 2039 792 instruxit,

342 815 407 847 hoc
443 815 508 847 sibi
546 825 780 859 proponens,
817 820 880 857 ut,
919 814 1032 846 totius
1068 813 1287 858 quaestionis
1327 814 1493 846 examine
1527 814 1571 846 ad
1594 812 1700 846 finem
1725 814 1921 858 perducto,
1949 816 2041 848 hanc

344 882 550 914 universam
592 880 768 925 peculiari
798 879 1066 913 Dissertatione
1101 879 1312 925 explicaret.

389 948 486 992 Spe,
520 947 598 979 fore
632 953 673 979 ut
703 958 797 980 nova
830 946 897 979 sibi
926 946 1083 979 subsidia
1116 946 1471 991 suppeditarentur,
1507 945 1569 978 diu
1604 957 1825 991 suspensus,
1859 946 1937 979 aliis
1957 951 2040 979 stu-

341 1015 406 1046 diis
437 1025 508 1045 non
546 1015 706 1046 intentus
739 1023 838 1054 esse,
873 1012 1016 1056 aliaque
1051 1012 1200 1045 consilia
1236 1023 1310 1044 non
1345 1012 1436 1044 inire
1470 1011 1656 1055 nequibat.
1716 1011 1954 1044 Gratissimae
1979 1023 2041 1044 er—

340 1092 383 1123 go
432 1080 502 1124 ipsi
549 1084 652 1112 erant
698 1079 825 1111 literae
853 1078 1089 1111 Romanzoffii
1124 1077 1235 1111 Russi
1271 1077 1485 1109 nobilissimi
1526 1078 1706 1121 petentis,
1743 1083 1786 1110 ut
1817 1077 2041 1110 Historicum

345 1144 499 1178 Arabem
540 1144 814 1177 celeberrimum
833 1169 842 1187 ,
880 1154 1164 1187 BELADZORIUM,
1207 1143 1281 1175 suis
1319 1142 1498 1175 sumtibus
1530 1143 1665 1175 ederet.
1718 1143 1834 1175 Cuius
1862 1142 2036 1176 desiderio

340 1217 382 1244 ut
425 1223 530 1255 quam
571 1211 731 1256 primum
777 1209 1023 1252 satisfaceret,
1054 1221 1182 1242 manus
1218 1209 1321 1253 operi
1347 1209 1465 1241 statim
1498 1208 1669 1242 admovit.
1725 1207 1924 1253 Postquam
1954 1220 2038 1242 vero

341 1278 665 1318 animadverterat,
698 1276 811 1308 totius
855 1276 990 1319 Operis
1029 1275 1175 1308 Arabici
1213 1275 1404 1307 editionem
1442 1274 1538 1307 haud
1574 1285 1707 1318 operae
1744 1275 1903 1318 pretium
1937 1285 2036 1316 esse,

338 1345 550 1376 universum
596 1344 673 1375 eius
718 1348 974 1386 argumentum
1014 1342 1050 1374 in
1093 1341 1309 1374 concinnum
1356 1340 1520 1373 ordinem
1562 1340 1766 1372 summatim
1798 1339 1906 1371 latine
1940 1339 2039 1392 redi—

336 1421 419 1453 gere
448 1409 658 1450 constituit,
690 1408 835 1440 insertis
865 1407 1032 1440 uberiore
1066 1418 1191 1440 rerum
1225 1406 1489 1450 explicatione,
1526 1410 1561 1437 et
1591 1410 1693 1438 textu
1728 1403 1882 1438 Arabico
1916 1406 2036 1438 omni—

338 1487 398 1507 um
436 1475 622 1516 locorum,
673 1485 828 1517 quorum
876 1474 1005 1506 notitia
1051 1480 1087 1506 et
1132 1474 1239 1518 digna
1278 1478 1314 1504 et
1348 1472 1555 1504 necessaria
1591 1483 1668 1504 esse
1708 1472 1907 1505 videretur.
1958 1471 2038 1505 Hoc

337 1547 456 1573 vtamen
494 1542 623 1585 OpuS,
662 1541 716 1572 uti
750 1541 858 1573 etiam
890 1540 1212 1583 Dissertationem,
1251 1539 1354 1571 modo
1384 1544 1724 1579 commemoratam,
1754 1538 1798 1570 ad
1819 1537 1924 1571 finem
1950 1550 2038 1584 per-

337 1608 468 1639 ducere
520 1617 590 1638 non
639 1606 772 1650 potuit.
823 1605 1072 1649 Impediebant
1102 1605 1198 1638 enim
1234 1611 1311 1637 tum
1343 1617 1483 1636 summa
1522 1616 1610 1637 eura
1656 1609 1690 1636 et
1733 1604 1942 1648 diligentia,
1985 1605 2040 1637 his

339 1674 547 1718 impensae,
584 1677 660 1703 tum
697 1671 767 1703 alia
804 1671 951 1703 consilia
985 1683 1078 1704 nova
1113 1672 1246 1703 iterum
1279 1675 1388 1713 atque
1416 1670 1453 1702 in
1481 1670 1555 1702 dies
1587 1670 1802 1711 audaciora,
1839 1670 1900 1702 sed
1927 1670 2036 1702 disci—

335 1738 455 1783 plinae
504 1737 702 1769 utilissima.
771 1735 857 1769 Duo
899 1737 936 1768 in
973 1737 1099 1781 primis
1143 1736 1269 1780 Opera
1304 1737 1444 1780 cogito,
1497 1735 1652 1768 alterum
1691 1746 1888 1779 nummu,
1927 1724 2033 1768 mun

336 1813 518 1835 hiumam
554 1802 721 1834 alterum.
780 1802 881 1834 Illius
917 1801 1206 1834 Proverbiormn
1242 1802 1461 1834 collectionis
1488 1802 1679 1834 editionem
1709 1802 1885 1846 parabat,
1923 1802 2034 1835 latina

334 1869 522 1909 versione,
557 1873 592 1900 et
623 1868 908 1910 commentariis,
945 1867 1166 1911 aliorumque
1201 1869 1309 1900 etiam
1343 1867 1646 1912 proverbiorum,
1681 1868 1924 1911 undecunque
1958 1867 2037 1900 col—

334 1934 530 1976 lectorum,
563 1934 654 1966 serie
688 1940 843 1966 auctam.
897 1934 967 1966 Hie
991 1940 1134 1976 autem,
1162 1934 1417 1967 celeberrimus
1443 1933 1722 1978 Bibliographus
1749 1933 1854 1978 Opus
1874 1934 2034 1966 conscri-

336 2001 427 2044 psit,
473 2012 572 2043 quo,
616 2001 826 2044 quicunque
860 2001 894 2032 in
930 2000 1114 2033 historiam
1145 2000 1343 2033 literariam
1376 2001 1532 2032 interius
1565 1999 1774 2043 inquirant,
1808 2010 1932 2032 carere
1965 2009 2033 2031 ne—

335 2071 484 2109 queunt.
549 2065 590 2097 In
639 2067 742 2097 cuius
782 2071 885 2098 textu
927 2065 1200 2108 constituendo,
1237 2079 1340 2108 eum,
1375 2065 1518 2098 auxiliis
1552 2065 1596 2097 cl.
1636 2076 1819 2098 wnrssnsn
1856 2066 2029 2106 adiutus,

339 2131 502 2163 celeriter
537 2131 845 2175 progrederetur,
879 2151 927 2156 —
962 2143 1043 2163 eece
1068 2150 1116 2155 -—
1150 2131 1337 2176 Flugelius
1377 2132 1608 2174 Germanus,
1644 2142 1680 2163 se
1709 2131 1799 2163 itlud
1833 2130 2031 2163 Britanno—

336 2208 417 2229 rum
448 2197 618 2241 impensis
652 2197 752 2229 brevi
787 2197 969 2229 editurum
1009 2208 1112 2238 esse,
1152 2199 1358 2229 annunciat.

382 2261 532 2307 Duplex
576 2263 730 2294 maxime
768 2274 875 2295 causa
906 2274 1135 2295 nanaxnnem
1171 2263 1385 2307 impedivit,
1428 2264 1620 2307 quominus
1652 2262 1706 2295 his
1743 2263 1818 2295 sine
1846 2263 2030 2295 intermis-

337 2328 433 2359 sione
464 2334 622 2361 vacaret.
675 2329 782 2360 Prior
814 2334 892 2371 cst,
932 2329 1026 2371 quod
1054 2340 1126 2360 non
1166 2329 1202 2360 in
1235 2329 1321 2361 solis
1356 2327 1532 2362 Arabicis
1562 2329 1627 2361 sibi
1665 2328 1932 2361 subsistendum
1952 2339 2029 2361 esse

337 2393 414 2424 iure
460 2400 633 2427 censeret.
694 2394 819 2426 Altera
868 2400 1063 2437 quaeratur
1100 2395 1136 2426 in
1174 2395 1357 2428 variorum
1390 2396 1617 2439 negotiorum
1652 2394 1768 2436 mole,
1804 2405 1875 2438 qua
1907 2394 2031 2437 quoti-

339 2459 394 2490 die
433 2466 508 2492 erat
544 2461 710 2494 obrutus.
769 2461 992 2495 oriebantur
1024 2461 1110 2494 haec
1134 2473 1203 2496 uon
1233 2473 1315 2495 raro
1348 2474 1390 2494 ex
1418 2462 1536 2495 studio
1565 2460 1840 2505 Discipulorum
1873 2470 2032 2493 commu—
