2196 2950
651 132 1347 168 ANNOTATIO.
1799 136 1846 170 59

168 243 279 274 Passim
299 243 380 282 Opus
402 242 474 274 illud
494 243 632 274 laudatur
652 255 669 274 a
691 244 735 275 Cl.
748 257 779 275 u.
800 257 828 275 a.
848 257 974 276 wnyrns
995 245 1024 275 in
1045 245 1119 276 notis
1139 245 1175 276 ad
1198 249 1287 276 Diss.
1309 249 1505 277 exhibentem
1519 249 1598 278 locos
1610 250 1662 278 ibn
1673 250 1831 280 Khacanis

168 306 204 333 de
225 306 277 333 ibn
301 305 469 333 Zeidouno.
514 302 557 332 De
591 315 748 333 CLARISSIO
781 308 879 333 nostro
900 308 1021 342 egerunt
1044 308 1105 334 turn
1129 304 1198 342 alii,
1219 309 1281 335 tum
1304 306 1349 335 Cl.
1373 317 1397 336 s.
1420 318 1572 337 nnouwmi
1593 307 1623 338 in
1642 307 1697 337 Or.
1715 310 1752 338 de
1774 312 1812 338 iis
1826 333 1835 347 ,

168 376 247 403 quae
280 375 360 393 anno
395 364 535 402 proxime
566 364 672 402 elapso
705 363 812 392 Acad.
842 365 980 392 Nostrae
1011 366 1214 402 acciderunt,
1254 363 1332 394 dicia
1374 365 1513 404 publice,
1543 376 1611 396 cum
1642 377 1721 397 anno
1757 371 1832 398 1828

169 422 246 461 Mag.
271 421 367 451 Acad.
397 421 573 459 deponeret,
608 431 638 459 p.
667 427 789 461 27-—32
820 422 926 461 (Arm.
953 424 1058 452 Acad.
1094 424 1188 453 Gron.
1213 424 1444 463 1827—1828).
1488 423 1522 454 In
1544 425 1644 462 primis
1667 436 1736 457 vero
1758 427 1835 458 cons.

168 485 276 512 Patris
304 483 450 521 Epistola
483 479 520 510 ad
550 480 632 512 Viros
661 480 756 511 Clarr.
789 493 820 511 N.
843 494 870 511 c.
893 494 965 512 xrsr
989 487 1017 512 et
1041 495 1072 513 n.
1098 495 1121 513 1.
1144 494 1314 513 norAAnns
1339 483 1382 524 (in
1408 485 1550 522 Archief
1565 496 1636 514 νοον
1665 488 1752 516 Kerk.
1774 489 1834 517 Ge-

164 542 277 571 schied.
298 539 332 577 Ι,
356 550 385 577 p.
405 543 460 580 337
481 540 573 578 seqq.)
588 565 596 578 ,
614 539 664 570 ubi
681 539 756 571 alius
780 540 869 570 etiam
892 540 1004 571 Codicis
1021 541 1052 572 fit
1073 542 1202 580 mentio,
1224 542 1255 572 in
1277 552 1333 580 quo
1345 543 1584 573 elaborandoille
1597 544 1702 575 multos
1723 555 1836 584 quoque

165 610 256 630 annos
278 599 453 637 consumsit·,
475 599 580 637 Operis
602 609 707 638 nempe
728 602 803 630 Aba
830 604 993 631 Sclzamae.
1014 603 1051 631 de
1071 605 1137 632 νίια
1159 610 1189 631 et
1213 604 1300 632 rebus
1319 606 1417 642 gestis
1431 605 1629 633 Noureddini
1651 612 1679 634 ec
1706 608 1835 635 Salacia·-

164 663 195 689 ιιι·
217 661 259 697 (p.
278 659 364 697 342).
404 658 563 690 Praeterea
586 659 693 690 ibidem
716 666 965 691 commemoratur
987 660 1121 691 Studium
1136 686 1143 700 ,
1169 662 1206 692 ab
1230 662 1290 700 ipso
1312 662 1465 700 postremis
1488 662 1567 693 vitae
1589 663 1674 694 annis
1697 663 1734 693 ad
1754 668 1832 694 Per-

161 722 242 749 sicas
256 742 264 755 ,
287 720 431 759 Copticas
445 743 454 758 ,
478 721 749 760 Sansct-iticasque
773 720 886 751 Literas
907 731 1016 760 magno
1038 732 1105 751 cum
1129 721 1231 751 ardore
1254 721 1404 752 collatum.
1447 721 1501 752 His
1522 731 1594 753 vero
1617 722 1684 753 licet
1707 725 1836 761 permul-

162 783 225 808 tum
247 778 387 817 temporis
410 779 614 817 impenderet,
638 782 777 810 Graecas
801 785 899 811 tamen
924 784 1121 821 Latinasque
1145 783 1289 819 Litteras,
1323 785 1410 819 alque
1434 783 1633 820 Historiam,
1657 785 1834 814 Ecclesiae-

160 841 254 868 ticam
284 838 479 877 praesertim,
512 843 540 868 et
574 841 724 869 criticam
759 842 798 870 V.
836 843 872 870 Τ.
904 840 944 870 ita
976 841 1112 879 colebat,
1145 845 1203 878 ut,
1241 841 1294 871 has
1327 841 1523 880 Dssciplinan,
1557 843 1710 880 praeclara
1745 843 1831 874 [nsti-

162 898 263 928 tuendi
297 897 410 927 ratione
437 897 524 936 ipsius
556 898 715 937 Discipulis
751 899 948 937 maximopere
980 899 1039 930 iam
1069 899 1310 938 commendatas,
1338 900 1361 930 si
1388 900 1445 931 illis
1477 901 1585 932 diutius
1609 911 1728 940 operam
1763 902 1831 934 dare

161 956 320 994 potuisset,
343 956 467 995 Scriptis
484 967 598 996 quoque
620 957 739 989 edendis
759 958 873 998 egregie
892 959 953 989 sine
973 957 1060 989 dubio
1081 964 1258 990 exornasset.
1301 959 1387 990 Vidd.
1406 960 1476 990 ibid.
1497 971 1525 999 p.
1546 963 1721 996 346—350.

198 1016 233 1056 P,
262 1028 308 1047 11.
331 1016 382 1047 lin.
406 1029 456 1058 29.
500 1021 601 1048 Locus
622 1026 669 1048 est
689 1023 747 1049 cet.
789 1018 834 1048 De
855 1029 1022 1057 wasnaum,
1055 1018 1136 1057 sive,
1160 1023 1192 1049 ut
1214 1019 1251 1049 ab
1276 1030 1451 1049 [IAMAKERO
1473 1025 1682 1060 nuncupatur,
1716 1032 1827 1052 wsm-

158 1088 262 1114 nuo,
285 1081 373 1106 antea
396 1076 455 1106 iam
478 1082 601 1116 egerunt
625 1089 793 1117 oxma-rus,
819 1080 983 1109 xiimfflnus
1007 1083 1036 1109 et
1061 1091 1093 1109 ιι.
1115 1090 1144 1109 Α.
1167 1090 1343 1109 scnurrmss
1377 1079 1448 1118 (vid.
1466 1091 1591 1111 ewam.
1611 1083 1647 1110 de
1668 1093 1831 1121 expugna-

159 1140 241 1166 tione
264 1138 510 1177 sslesopotamiae
532 1147 598 1176 pag.
618 1136 651 1176 l,
674 1142 734 1167 not.
752 1138 811 1177 2),
834 1148 937 1170 verum
956 1137 1093 1176 Scripta,
1119 1149 1194 1177 quae
1218 1139 1271 1169 hoc
1292 1139 1409 1169 nomine
1430 1139 1587 1178 feruntur,
1608 1143 1718 1180 spuria
1742 1150 1825 1178 esse,

155 1195 184 1224 h}
208 1195 337 1226 nondum
361 1196 499 1237 suspicati
520 1201 616 1227 erant.
648 1196 856 1228 Prudentiores
876 1201 960 1228 erant
985 1209 1133 1228 amemus
1154 1202 1183 1228 et
1206 1210 1418 1229 rnzvuoxus.
1442 1198 1622 1237 (ibid.p.VI
1637 1223 1644 1236 ,
1658 1203 1719 1229 nol.
1734 1199 1830 1238 1)‚in

161 1256 237 1285 hanc
270 1259 370 1285 tamen
404 1256 603 1294 quaestionem
634 1266 693 1286 non
716 1256 838 1286 interius
860 1256 1054 1296 inquirentes.
1098 1257 1187 1287 Primi
1210 1257 1265 1288 hoc
1288 1257 1423 1288 fecerunt
1446 1269 1642 1288 unimanus
1664 1262 1692 1289 et
1715 1269 1830 1289 zwn-

154 1327 221 1345 mJS.
264 1318 329 1345 IIic
363 1315 462 1354 enim,
495 1316 573 1346 edita
607 1326 641 1346 cx
672 1314 743 1346 Cod.
778 1315 987 1354 Gottingensi,
1024 1327 1041 1346 a
1073 1316 1253 1347 Lorsbachio
1273 1326 1289 1347 e
1310 1316 1381 1347 Cod.
1402 1317 1487 1348 Fuld.
1513 1317 1659 1356 descripto
1682 1319 1724 1356 (p.
1745 1317 1828 1356 XI),

159 1379 242 1413 parte
272 1378 525 1416 Expugnationis
556 1378 802 1416 Jlflesopotamiae
836 1375 940 1415 (Gon.
978 1379 1052 1416 1827
1078 1378 1133 1415 40)
1153 1377 1347 1407 recentiorem
1367 1379 1459 1406 huius
1481 1377 1547 1407 libri
1572 1381 1703 1407 aetatem
1725 1377 1831 1415 proba-

150 1435 211 1473 xit,
244 1435 363 1474 eiusque
394 1445 503 1466 nexum
534 1446 601 1466 cum
631 1436 749 1473 Libris,
793 1438 1066 1475 Expugnationem
1107 1438 1217 1475 Syriae
1248 1444 1277 1465 et
1306 1438 1446 1476 Aegypti
1474 1436 1705 1474 enarrantibus,
1738 1440 1825 1474 alque

152 1495 301 1534 probabile
332 1495 421 1534 ignoti
449 1495 604 1533 Scriptoris
635 1499 798 1526 consilinm
827 1496 979 1525 indicavit.
1023 1495 1139 1534 Scripta
1173 1500 1294 1533 aulem,
1328 1507 1487 1526 warmo
1518 1495 1653 1535 tributa,
1682 1495 1825 1535 hodieque

151 1560 219 1585 nota
232 1580 240 1593 ,
265 1560 455 1586 recensentur
475 1564 550 1585 octo.
569 1555 701 1585 Primum
717 1579 724 1593 ,
743 1565 885 1586 enarrans
897 1555 969 1593 Exp.
989 1553 1090 1593 Syriae
1103 1578 1111 1593 ‚
1123 1555 1285 1585 secundum
1299 1554 1370 1593 Exp.
1383 1555 1667 1596 Aegyptiinferioris
1682 1577 1690 1592 ‚
1704 1555 1823 1586 tertium

154 1615 225 1653 Exp.
238 1614 358 1652 isacar,
374 1617 461 1655 (qnae
475 1618 628 1644 communi
648 1619 781 1644 omnium
801 1614 963 1652 consensu)
979 1638 987 1652 ,
1001 1618 1137 1652 quartum
1152 1613 1224 1652 Exp.
1239 1613 1394 1644 Bahnesae
1405 1638 1413 1652 ,
1427 1614 1446 1644 i.
1457 1624 1482 1643 e.
1494 1613 1567 1653 Aeg.
1585 1614 1656 1652 Sup.
1667 1638 1675 1652 ‚
1688 1614 1822 1653 quintum

150 1673 223 1712 Exp.
245 1673 384 1712 Africae,
407 1679 518 1704 sextum
541 1673 692 1705 historiam
716 1673 880 1712 Selmanis,
894 1673 1090 1704 Islamismum
1103 1673 1228 1711 amplexi
1242 1674 1329 1713 (quae
1344 1683 1361 1702 a
1374 1675 1531 1703 nonnullis
1545 1672 1638 1703 eidem
1651 1673 1822 1704 tribuuntur

146 1734 287 1764 Auctori:
312 1733 370 1764 sid.
389 1746 517 1764 naman.
545 1733 575 1764 in
599 1733 693 1772 praef.
712 1733 815 1772 Operis
837 1733 871 1762 de
894 1736 977 1773 Exp.
996 1735 1078 1773 Aeg.
1099 1734 1165 1770 Ins.
1178 1732 1213 1763 L.
1224 1731 1259 1761 Β.
1284 1734 1402 1771 1825),
1422 1732 1579 1770 septimum
1591 1731 1665 1769 Exp.
1685 1731 1824 1770 Mesopot.

154 1794 294 1832 (primum
319 1794 356 1823 ab
383 1804 518 1824 murno
542 1793 753 1832 descriptum),
776 1797 913 1823 octavum
937 1792 1008 1831 Exp.
1031 1791 1190 1822 Armeniae
1214 1793 1300 1830 (cum
1320 1791 1392 1829 Exp.
1407 1790 1704 1828 Mesopot.et1racae
1716 1791 1824 1821 utrius-

152 1863 207 1892 que
238 1853 268 1882 in
303 1852 372 1882 Cod.
405 1864 582 1893 ernuunn
616 1852 844 1890 coniunctam),
871 1851 976 1889 Cypri,
1001 1851 1193 1881 Hahessiniae
1213 1855 1242 1880 et
1260 1850 1388 1880 Siciliae.
1406 1868 1444 1874 —
1465 1849 1585 1880 Codices
1604 1862 1822 1881 wan-manos

147 1915 182 1945 L.
215 1913 272 1951 B.,
302 1912 405 1951 quibus
427 1923 519 1942 novus
539 1911 665 1949 deinde,
698 1911 735 1941 ab
762 1923 952 1942 numnmzmo
973 1909 1101 1947 allatus,
1132 1909 1274 1947 accessit,
1298 1920 1496 1940 nAMAKEnns
1519 1909 1625 1949 (ibid.)
1650 1909 1820 1949 descripsit,

145 1974 188 2004 uti
218 1972 307 2003 etiam
342 1971 480 2002 Codicem
506 1971 580 2009 Exp.
610 1970 735 2009 Iracae,
762 1970 870 2001 donum
891 1981 1048 2001 mmmmz
1072 1968 1120 2008 (de
1140 1978 1196 2006 quo
1210 1968 1269 1999 vid.
1290 1970 1375 1999 Bihl.
1397 1980 1520 1998 mma.
1534 1981 1639 2009 parm
1662 1969 1745 2000 cuius
1766 1979 1819 2008 pu-

150 2033 226 2064 blica
258 2033 355 2063 auctio
386 2031 467 2062 facta
501 2035 543 2061 est
574 2030 608 2061 L.
629 2030 664 2061 B.
688 2040 788 2061 mense
807 2030 875 2061 Oct.
902 2032 1001 2068 1836,
1026 2039 1055 2067 p.
1079 2040 1156 2069 109,
1178 2027 1216 2058 N.
1237 2027 1286 2067 3),
1313 2032 1341 2058 et
1368 2027 1438 2058 Cod.
1458 2040 1643 2059 wama-rx.
1686 2029 1821 2060 Accura-

151 2097 212 2122 tam
236 2091 397 2129 Codicum,
419 2090 467 2128 qui
491 2090 522 2120 in
545 2089 653 2128 Anglia
667 2114 676 2128 ‚
700 2088 835 2128 Parisiis,
858 2094 887 2120 et
907 2088 1054 2127 Petropoli
1073 2092 1282 2125 asservantur,
1312 2087 1446 2118 notitIam
1466 2088 1520 2118 sibi
1543 2089 1745 2127 comparavit,
1770 2101 1822 2119 m-

151 2161 238 2183 eoLsr
253 2176 261 2190 ‚
293 2162 388 2182 saon
404 2174 414 2189 ,
439 2155 465 2180 et
490 2160 648 2180 munau
670 2149 886 2181 benevolentia.
912 2148 979 2180 Alia
1002 2158 1199 2178 uantcn’rms
1218 2157 1286 2177 cum
1310 2156 1343 2176 eo
1362 2147 1652 2185 communicaverat,
1676 2147 1733 2178 alia
1757 2147 1818 2186 ipse

147 2221 181 2241 ex
213 2210 360 2250 Catalogis
388 2209 474 2240 editis
492 2209 629 2248 petierat.
672 2208 763 2239 Plura
782 2213 881 2239 autem
901 2219 918 2239 a
938 2208 1039 2239 Doctis
1059 2207 1134 2240 Viris
1157 2207 1283 2238 subsidia
1306 2207 1418 2246 petenti
1438 2207 1535 2246 (ibid.)
1549 2232 1557 2246 ‚
1590 2207 1659 2238 salis
1682 2206 1818 2238 fecerunt

147 2281 344 2301 mnnumuus
368 2275 396 2300 et
418 2272 582 2301 Morzmws
605 2268 678 2309 (vid.
697 2268 827 2299 Censura
848 2268 1020 2307 Scriptionis
1042 2280 1172 2299 vaLm
1193 2268 1278 2298 modo
1289 2267 1368 2298 laud.
1387 2268 1417 2298 in
1438 2269 1522 2298 Bibl.
1535 2270 1612 2298 Urit.
1623 2269 1705 2298 Νον.
1715 2266 1774 2305 IV,
1787 2277 1817 2306 p.

151 2334 207 2362 331
232 2331 343 2370 seqq.),
366 2340 488 2369 qnorum
511 2329 559 2360 hic
580 2331 598 2360 3
621 2327 712 2359 codd.
734 2328 980 2367 aowmnosftlle
1002 2338 1116 2366 unum,
1131 2338 1148 2358 a
1166 2327 1256 2358 Patre
1277 2337 1311 2357 ex
1327 2327 1449 2357 Oriente
1463 2327 1612 2365 delatum,
1634 2336 1714 2357 nunc
1725 2325 1820 2356 Bibli-

147 2389 269 2420 othecae
298 2390 496 2427 Hanniensis,
531 2389 584 2428 ipsi
608 2388 758 2420 miserunt.
782 2407 819 2413 —
842 2391 1105 2427 Dissertationis,
1135 2397 1224 2426 quam
1255 2387 1289 2417 de
1312 2386 1436 2425 Scriptis
1459 2397 1671 2417 wammams
1688 2385 1819 2417 editurus
