2196 2950
342 178 387 211 56
825 171 1522 208 ANNOTATIO.

345 301 420 331 quae
451 301 484 321 eo
516 300 593 320 anno
625 287 793 327 Groningae
815 287 962 326 obtinuit,
985 290 1132 324 comtos,
1156 289 1188 316 ut
1212 284 1333 324 ferunt,
1356 283 1559 315 Bibliothecae
1581 282 1675 313 Acad.
1697 281 1789 313 Gron.
1833 281 1876 312 Ex
1898 281 2018 314 Catalo-

344 363 382 389 go
398 376 406 390 ‚
438 356 508 381 tunc
532 349 668 387 evulgato
682 372 690 385 ,
725 347 774 386 qui
795 352 823 377 et
845 349 932 377 libris
953 351 1068 378 constat
1091 347 1202 383 editis,
1232 344 1387 383 multiplici
1412 354 1607 374 sennonntm
1630 343 1824 373 annotatione
1843 342 2012 380 instructis,

345 416 373 440 ct
417 410 511 439 Codd.
545 406 717 446 praesertim
751 406 834 437 MSS.
867 406 904 436 Ο.
935 405 992 445 0.,
1033 405 1191 438 maximam
1231 408 1345 442 partem
1385 403 1472 442 ipsius
1506 413 1596 433 manu
1629 402 1782 440 descriptis
1817 401 1935 440 eiusque
1965 401 2018 432 ob-

343 468 556 499 servationibus
585 467 718 504 ornatis,
752 476 867 497 summa
897 466 927 496 in
960 465 1059 504 primis
1092 463 1223 494 eiusdem
1256 463 1353 493 elucet
1388 463 1418 493 in
1450 464 1624 502 Arabicis,
1659 465 1798 492 Persicis
1821 466 1849 492 et
1878 465 2017 492 Turcici's

345 528 450 559 Literis
485 526 649 558 excolendis
681 525 838 556 industria.
888 524 922 554 ln
952 525 1035 554 libris
1064 523 1120 554 illis
1151 521 1237 553 edilis
1266 525 1436 552 recensetur
1465 532 1493 552 v.
1522 532 1550 552 c.
1581 526 1698 560 praeter
1720 533 1811 551 comi
1843 525 1871 551 ct
1890 533 2016 551 coccnu

342 588 469 618 chlcon
501 592 529 618 et
564 586 661 616 Biblia
681 584 830 616 Hebraica
854 583 913 623 (N.
939 593 949 613 1
964 607 972 621 ,
999 594 1016 614 2
1038 587 1066 612 et
1093 582 1186 620 101),
1208 584 1356 611 Historia
1384 584 1575 612 Saracenica
1599 595 1635 612 ex
1657 584 1706 612 ecl.
1721 584 1802 622 Erp.
1822 581 1857 612 L.
1879 581 1914 611 B.
1940 583 2016 612 1625

343 647 400 687 (N.
431 648 486 687 3);
518 649 658 676 Coranus
682 654 869 674 HINCKELM.
897 642 955 682 (N.
988 642 1063 682 102)
1093 651 1161 672 cum
1191 643 1249 670 lat.
1285 653 1376 671 scrin.
1396 645 1556 678 versabam
1581 644 1658 672 Vita
1686 645 1806 671 Timuri
1826 641 1861 671 L.
1881 641 1916 671 B.
1941 643 2017 672 1636

341 707 399 745 (N.
432 707 527 745 103);
575 706 744 744 Taraplzae
777 704 958 732 Moallaka.
986 701 1022 732 L.
1055 700 1092 731 Β.
1116 708 1197 742 1742
1218 699 1269 740 (N.
1294 700 1365 739 106)
1384 704 1413 730 et
1432 702 1641 730 Enchiridion
1668 703 1807 731 Studiosi
1828 701 1912 732 Trai.
1936 710 2014 741 1709

341 765 397 797 (N.
433 767 520 802 108);
553 772 653 794 omnes
690 761 790 792 multis
824 772 912 791 serm.
941 759 1018 790 notis
1048 759 1159 789 referti.
1214 759 1249 790 In
1280 759 1371 790 codd.
1404 769 1473 789 vero
1508 759 1591 789 MSS.
1618 759 1674 790 illis
1703 765 1917 790 enumerantur
1948 771 2016 790 cum

340 825 407 862 alii,
446 828 510 854 lum
544 826 694 852 Ilamasa
733 825 858 861 integra
897 822 1055 860 descripta
1088 827 1119 850 et
1151 823 1230 849 notis
1262 821 1428 849 illustrata
1459 831 1527 848 eum
1559 822 1625 849 eius
1660 822 1854 857 carminum,
1889 832 1967 860 quae
2000 833 2020 849 a

341 896 471 915 scnuL'r.
503 896 562 913 non
591 890 663 912 sunt
695 883 806 920 edita,
840 883 946 910 latina
977 883 1113 911 versione
1147 879 1206 920 (N.
1236 887 1256 914 4
1286 883 1316 909 et
1347 879 1426 918 64);
1448 881 1577 908 Haririi
1602 881 1768 908 consessus
1789 878 1860 908 ilem
1881 878 2018 917 descripti

341 957 462 982 omnes,
487 956 555 973 cum
578 954 665 972 scnn.
691 942 987 978 Observationihus‚
1009 938 1067 979 (N.
1089 940 1128 970 65
1152 943 1181 969 et
1203 938 1281 979 75);
1304 939 1363 968 Ilm
1388 939 1521 968 Doreidi
1542 940 1681 976 Poema,
1711 940 1808 968 latine
1841 950 1931 968 versa
1949 951 2018 969 cum

341 1017 428 1035 ,ει-1111.
460 1007 539 1033 notis
574 1002 632 1042 (N.
665 1004 703 1032 66
735 1005 762 1032 et
798 1001 875 1041 76);
903 1002 1124 1030 commentarii
1144 998 1292 1037 denique,
1316 1002 1348 1028 ut
1369 1007 1489 1036 operam
1512 997 1593 1035 eius,
1614 996 1740 1028 Persicis
1758 1002 1787 1028 et
1809 997 1943 1028 Turcicis
1964 997 2020 1028 im-

337 1074 457 1102 pensam
482 1063 511 1093 h.
532 1063 551 1093 l.
573 1061 726 1092 brevilalis
746 1070 836 1091 causa
858 1060 1049 1098 omittamus,
1082 1061 1242 1089 Rhetorici‘
1263 1066 1293 1088 et
1321 1059 1528 1088 Grammalici
1547 1060 1737 1096 dictionum,
1763 1060 1896 1099 Linguis
1925 1060 1960 1089 Ο.
1984 1060 2021 1088 Ο.

334 1126 552 1164 propriarum,
575 1131 636 1158 400
656 1131 705 1160 pp.
726 1120 780 1162 (N.
800 1120 868 1161 (37).

378 1183 460 1214 Sns.
481 1194 576 1212 iussn.
596 1193 760 1219 nummu,
785 1180 967 1211 Vnumoen
988 1180 1018 1210 in
1043 1182 1122 1209 Litt.
1144 1181 1179 1209 Ο.
1198 1181 1235 1210 Ο.
1253 1177 1410 1209 Successor
1424 1201 1433 1217 ‚
1464 1177 1502 1208 ab
1525 1188 1603 1208 anno
1631 1180 1708 1218 1760
1732 1180 1790 1208 lias
1814 1180 1940 1208 Literas
1963 1186 2015 1216 per

337 1240 703 1282 quadriennium,deinde
735 1243 934 1281 Theologiam
949 1264 957 1278 ,
973 1244 1061 1278 atque
1085 1239 1123 1270 ab
1150 1249 1228 1269 anno
1255 1241 1327 1279 1781
1353 1248 1422 1268 cum
1442 1237 1499 1268 hac
1523 1237 1676 1276 disciplina
1698 1241 1879 1268 Historiam
1899 1247 2013 1276 quoque

333 1305 421 1333 Eccl.
441 1302 647 1340 Franeqnerae
678 1300 775 1331 docuit
806 1299 843 1330 ad
868 1309 979 1330 annum
1003 1302 1079 1340 1787
1095 1322 1103 1337 ,
1127 1308 1185 1337 quo
1207 1308 1275 1329 cum
1301 1309 1515 1328 VERSCHUIRIO
1535 1307 1658 1328 munere
1680 1307 1710 1328 se
1733 1297 1900 1334 abdicavit;
1933 1307 2011 1328 anno

339 1367 438 1393 aulem
464 1365 542 1402 1789
563 1365 696 1392 morluus
715 1364 768 1390 est.
819 1358 917 1390 Edidit
939 1361 1106 1389 Commeat.
1127 1362 1160 1388 in
1182 1361 1322 1388 Hoseam
1350 1362 1428 1398 1782
1449 1365 1486 1394 40
1508 1362 1537 1389 et
1564 1360 1672 1389 Vitam
1699 1361 1818 1388 Timeri
1838 1359 2009 1397 (Alimedis

344 1424 542 1452 Arabsiadis
567 1424 660 1451 Vitae
684 1428 713 1450 et
738 1432 840 1450 rerum
862 1427 1026 1460 gestatum
1052 1422 1171 1449 Timuri
1193 1435 1231 1441 ·—-
1252 1421 1339 1449 Hisc.
1358 1430 1376 1449 2
1395 1422 1465 1448 tom.
1486 1417 1611 1458 Franeq.
1636 1420 1711 1459 1767
1736 1420 1811 1458 40),
1836 1417 1871 1448 de
1890 1428 1947 1455 qua
1967 1427 2016 1447 ex-

333 1482 426 1520 posuit
457 1492 651 1512 scusumztn.
683 1481 767 1509 Bibl.
799 1481 902 1508 Arab.
932 1489 961 1517 p.
998 1483 1054 1510 135
1078 1488 1139 1517 seq.
1182 1477 1286 1508 Editae
1319 1483 1387 1508 sunt
1418 1483 1573 1516 praeterea
1603 1478 1679 1508 duae
1708 1479 1838 1508 eiusdem
1859 1477 2014 1508 Orationes

338 1541 528 1581 lnaugurales
561 1541 610 1581 (in
643 1542 767 1580 Sylloge
796 1541 886 1570 Diss.
917 1541 980 1575 def.
1009 1541 1065 1569 sub
1088 1551 1159 1568 ALB.
1190 1542 1218 1569 et
1250 1550 1273 1568 1.
1302 1550 1326 1567 1.
1355 1549 1492 1570 senum.
1518 1542 1547 1569 et
1577 1550 1608 1569 N.
1636 1550 1666 1568 o.
1694 1548 1842 1569 semrom).
1872 1542 1942 1568 tom.
1966 1536 2011 1575 11,

334 1613 362 1639 p.
386 1600 619 1640 1115-1149):
645 1599 762 1637 aliem,
794 1609 874 1628 anno
909 1598 987 1638 1760
1016 1598 1140 1638 babila,
1171 1600 1208 1628 de
1239 1601 1425 1628 incremento
1459 1601 1658 1639 Pliilologiae
1684 1601 1802 1628 Sacrae
1837 1599 1875 1628 ab
1899 1599 2011 1627 idonea

335 1663 477 1691 Arabiae
505 1667 599 1700 atque
621 1661 830 1688 Palaestinae
863 1661 1076 1698 exploratione
1110 1660 1268 1698 speranda
1280 1670 1294 1693 ‚·
1335 1658 1429 1688 altera
1469 1657 1685 1696 pronunciata,
1711 1668 1801 1696 quum
1824 1657 1897 1688 Lllt.
1918 1657 1954 1688 Ο.
1973 1657 2011 1687 Ο.

335 1731 404 1750 cum
433 1718 610 1758 Theologiae
641 1717 792 1756 provincia
816 1717 1029 1756 permutasset,
1049 1719 1086 1747 de
1097 1721 1184 1756 fatis
1209 1719 1410 1746 Chr-[stimme
1434 1720 1594 1757 religionis
1617 1719 1706 1758 apud
1726 1719 1868 1747 Arabas.

377 1779 440 1809 lox.
460 1790 557 1809 nemi.
578 1790 753 1808 vnnscnum
767 1802 776 1816 ‚
802 1777 874 1808 Litt.
892 1776 929 1807 Ο.
947 1777 984 1807 O.
1006 1776 1211 1815 Franeqnerne
1232 1776 1269 1806 ab
1292 1786 1370 1806 anno
1386 1778 1584 1817 1764—1787
1607 1776 1734 1816 docens,
1749 1777 1920 1815 conscripsit
1933 1779 2010 1807 Dis-

336 1848 408 1870 sert.
441 1841 561 1869 Plillol.
585 1840 717 1877 Exeget.
744 1837 837 1867 Leov.
869 1841 897 1867 et
926 1836 1054 1874 Franeq.
1079 1840 1156 1877 ¹773
1179 1843 1238 1875 40,
1261 1835 1378 1874 aliaque
1401 1839 1559 1876 Opus-cula
1574 1861 1582 1875 ,
1606 1847 1729 1875 quorum
1749 1836 1924 1867 fasciculum
1946 1841 2010 1876 post

341 1904 465 1931 mortem
496 1900 590 1937 (quae
623 1897 727 1928 incidit
763 1897 792 1927 in
824 1907 935 1927 annum
974 1899 1071 1935 1803,
1102 1900 1254 1934 postquam
1285 1895 1322 1928 ab
1344 1906 1422 1926 anno
1448 1899 1523 1937 1787
1552 1896 1643 1926 otium
1666 1896 1721 1934 ipsi
1742 1896 1886 1935 obtigerat
1909 1896 2009 1926 litera-

337 1958 412 1998 tum)
436 1958 524 1989 edidit
546 1971 570 1989 1.
592 1971 622 1989 Λ.
643 1969 741 1988 LOTZE
763 1956 863 1997 (Trai.
887 1960 964 1986 1810
984 1959 1062 1996 80),
1098 1956 1146 1995 qui
1168 1955 1202 1986 de
1224 1967 1435 1986 venscmnmr
1458 1956 1518 1987 vita
1533 1979 1543 1995 ‚
1565 1956 1712 1995 moribus,
1746 1956 1878 1987 doclrina
1898 1961 1926 1987 et
1949 1961 2008 1987 slu-

335 2019 387 2049 diis
417 2019 446 2049 in
467 2017 649 2057 praefatione
667 2017 815 2048 uberrime
837 2016 995 2055 disseruit,
1019 2027 1053 2047 ac
1077 2021 1176 2056 postea
1200 2025 1315 2055 quoque
1337 2015 1429 2046 edidit
1460 2028 1531 2046 1:013.
1552 2028 1619 2047 ioA.
1640 2027 1755 2047 onnvu
1777 2018 2006 2047 Laudationem

337 2078 373 2108 L.
395 2077 430 2107 B.
456 2081 536 2108 1815
557 2081 601 2108 80.

380 2137 423 2168 De
452 2149 591 2167 snnALno
623 2149 725 2166 nuno
763 2136 821 2168 vid.
844 2136 889 2167 Cl.
924 2149 948 2166 1.
966 2148 1128 2167 nnuman:
1149 2148 1198 2167 131..
1221 2135 1262 2167 fil.
1282 2136 1385 2167 Oratio
1405 2139 1443 2167 de
1463 2122 1632 2167 Auditorio
1653 2139 1758 2168 Acad.
1779 2139 1906 2166 Rheno·
1925 2138 2010 2165 Trai.

339 2197 421 2227 Trai.
447 2199 543 2237 1826,
565 2206 594 2235 p.
618 2205 674 2237 149
699 2201 727 2227 et
751 2200 831 2235 205,
857 2201 886 2227 ct
910 2208 1017 2227 enses.
1036 2197 1146 2226 Gesclz.
1166 2206 1194 2234 p.
1218 2207 1288 2237 1²9·

380 2257 414 2287 P.
445 2270 474 2297 9.
505 2257 558 2287 lin.
589 2261 637 2289 31-
683 2259 734 2286 Ex
757 2260 922 2296 permultis
945 2274 985 2279 —
1008 2258 1202 2298 perficienda
1235 2265 1432 2296 supererant.
1485 2256 1551 2289 Viti.
1570 2256 1616 2286 Cl·
1637 2268 1759 2286 noonns
1785 2256 1804 2285 l.
1827 2256 1846 2286 l.
1867 2255 1894 2285 in
1917 2253 2009 2294 praef.

340 2328 368 2354 p.
390 2316 444 2347 Vll
466 2327 527 2356 seq.

381 2377 414 2407 P.
440 2387 486 2407 10.
507 2377 557 2407 lin.
584 2387 631 2407 10.
687 2378 891 2408 Grammatici
912 2378 1145 2408 Germanorum.
1188 2375 1304 2414 Scripta
1327 2376 1458 2417 intelligo
1483 2388 1512 2409 v.
1537 2387 1564 2409 c.
1594 2388 1716 2407 curuar-
1735 2387 1845 2407 nnn.
1868 2386 2010 2406 ›uenu-
