2196 2950
324 170 370 205 58
796 163 1503 199 ANNOTATIO.

332 283 377 313 cl.
399 295 427 313 n.
450 293 516 312 vax
540 290 637 310 trnmz
659 279 690 308 in
713 277 799 308 Orat.
820 280 857 308 de
880 280 1032 318 Europa,
1056 278 1261 317 Imperiorwn
1281 279 1348 306 iure
1373 282 1613 316 temperatorum
1636 277 1767 313 altrice,
1793 285 1872 306 anno
1897 280 1974 312 1824
1988 300 1997 314 ,

330 352 397 372 cum
419 341 496 379 Mag.
519 338 613 370 Acad.
630 337 809 376 deponeret,
837 337 959 375 habita,
984 347 1013 375 p.
1038 348 1168 378 17-22.
1192 337 1298 375 (Ληιι.
1320 337 1425 366 Acad.
1446 337 1541 365 Gron.
1567 336 1798 374 1823—1824).
1832 336 1998 367 Germanm

328 406 389 431 crat
413 411 481 430 mc.
506 410 579 429 GUL-
603 408 795 428 scnnoznrnt
819 397 1008 437 Discipulus,
1031 396 1242 435 eamdemque,
1266 406 1353 434 quam
1378 408 1410 426 n.
1433 408 1463 425 A.
1484 395 1674 426 senum-‚hic
1692 394 1842 432 condidit,
1857 395 1937 427 v.T.
1957 396 2002 426 in-

328 458 507 498 terpretandi
537 458 681 488 rationem
709 458 799 488 tuitus
821 462 864 488 est
883 457 1011 497 egregie.
1052 455 1210 486 Notissima
1231 460 1299 486 sunt
1319 455 1381 485 eius
1405 454 1458 485 hoc
1479 454 1509 484 in
1531 463 1639 493 genere
1658 453 1774 492 Opera,
1798 456 2002 484 I’salmorum.

324 519 405 549 cuins
437 519 531 548 altera
566 517 671 556 prodiit
693 517 798 555 editio,
829 522 859 548 et
895 518 1137 548 Proverbiorum
1165 515 1267 548 versio
1297 513 1457 545 vernacula
1475 537 1484 552 ,
1512 512 1730 544 Commentario
1759 513 1918 545 instructa.
1958 513 2001 544 Ex

327 578 431 616 quibus
444 602 452 616 ,
473 578 514 607 uti
538 588 572 607 ex
594 577 713 615 reliquis
734 576 857 614 Scriptis
877 575 1007 606 studium
1027 575 1088 605 eIus
1101 599 1109 613 ,
1130 575 1159 604 in
1179 573 1298 611 reliquis
1318 583 1432 611 quoque
1453 573 1586 604 dialectis
1606 572 1752 603 Semiticis
1776 573 1900 611 positum
1913 597 1921 611 ,
1937 574 2002 604 elu-

326 642 383 667 cet.
427 637 525 675 Quam
546 637 582 666 ob
605 646 726 666 causam
747 645 805 665 non
826 635 989 673 miramur,
1013 634 1049 664 L.
1068 634 1102 664 L.
1125 633 1162 663 O.
1182 632 1219 662 O.
1241 632 1271 662 in
1290 631 1385 663 Acad.
1406 632 1440 663 L.
1461 631 1498 663 B.
1519 632 1719 663 docendarum
1741 633 1925 671 provinciam
1948 633 2001 672 ipsi

321 707 398 728 anno
433 701 510 737 1795
543 696 674 726 oblatam
697 695 804 734 fuisse,
837 705 925 733 quam
948 699 1048 725 tamen
1072 704 1140 724 cum
1161 691 1341 730 Theologiae
1364 691 1542 729 professione
1564 692 1645 722 haud
1667 698 1836 730 permutare
1858 693 2002 723 malebat.

367 756 412 786 De
458 766 521 785 1011.
559 766 655 785 nnun-
688 764 831 784 ranavm
864 757 987 792 egerunt
1020 752 1067 783 Cl.
1100 764 1124 782 1.
1146 763 1294 782 nssnmoa
1315 763 1367 781 ιι..
1388 750 1430 781 fil.
1453 752 1608 792 (Arcltt'ef
1622 764 1694 783 voor
1716 755 1752 782 de
1776 755 1865 782 Kerk.
1887 754 1999 783 Ges-ch.

323 821 392 846 tom.
425 815 477 853 IV)
511 819 539 845 et
573 813 618 844 Cl.
651 826 682 844 A.
705 824 820 844 snxoss
842 813 872 842 in
895 812 948 843 Or.
970 815 1007 842 de
1027 814 1201 842 imitatione
1224 813 1395 849 Naturae,
1417 814 1450 840 in
1472 814 1554 840 omni
1577 819 1644 841 arte
1667 814 1773 841 sedulo
1797 814 1975 843 adhibenda
1990 836 1999 850 ‚

324 876 402 906 dicta
433 875 550 914 publice
579 885 656 905 anno
692 877 791 912 1833,
824 883 891 903 cum
921 872 999 912 Mag.
1029 871 1124 902 Acad.
1156 871 1336 910 deponeret,
1370 880 1398 909 p.
1430 873 1556 907 48-—50
1579 870 1661 900 etin
1685 870 1833 909 append.‚
1858 870 1927 901 huic
1949 871 2001 902 Or.

324 935 391 966 add.
415 937 514 976 (Anu.
536 936 640 964 Acatl.
669 937 755 964 Trai.
782 933 1008 971 1832—1833).

364 994 399 1025 Ρ.
434 1006 480 1025 11.
511 994 563 1024 lin.
589 997 636 1025 15.
682 996 789 1022 Oratio
823 994 976 1022 declarat.
1021 991 1102 1021 Haec
1136 989 1256 1028 Oratio,
1292 989 1395 1020 habita
1427 998 1504 1019 anno
1539 993 1640 1028 1817,
1675 993 1769 1020 exstat
1792 990 1822 1020 in
1846 993 1933 1020 Ληη.
1957 994 1994 1021 L.

324 1059 363 1086 B.
390 1058 605 1095 1817—1818.

364 1114 399 1144 P.
426 1126 471 1144 11.
494 1114 546 1144 lin.
568 1125 618 1144 20.
662 1115 754 1143 Intra
778 1116 934 1143 biennium
964 1113 1061 1141 edidit
1090 1113 1250 1151 Specimen
1274 1112 1432 1150 Catalogi.
1477 1109 1576 1139 llocce
1600 1109 1682 1148 Opus
1706 1114 1739 1139 ut
1761 1113 1841 1140 recle
1863 1109 2001 1139 diiudice-

323 1181 386 1213 tur,
421 1175 493 1205 haec
524 1173 788 1205 animadvertenda
822 1178 901 1203 sunt.
948 1172 1170 1208 Humanum,
1203 1174 1236 1200 ut
1257 1168 1287 1199 in
1311 1168 1406 1208 praet.
1429 1179 1458 1207 p.
1482 1167 1525 1198 111
1545 1168 1606 1207 ipse
1629 1173 1776 1207 testatur,
1800 1179 1860 1199 non
1881 1169 2000 1207 acquie—

322 1235 364 1264 vit
396 1234 426 1264 in
457 1233 585 1273 legendis
620 1233 710 1264 Codd.
742 1234 1015 1273 inscriptionibus,
1038 1241 1113 1270 quae
1144 1231 1167 1260 si
1196 1229 1315 1268 adsint,
1340 1228 1505 1270 (interdum
1539 1229 1617 1259 enim
1648 1229 1736 1267 plane
1762 1228 2001 1267 desiderantur),

323 1303 409 1332 saepe
439 1292 531 1324 salsae
560 1297 629 1324 sunt
659 1297 710 1323 aut
740 1291 882 1322 mutilae:
919 1301 1023 1322 verum
1057 1290 1112 1320 hoc
1142 1289 1219 1329 egit,
1251 1294 1284 1320 ut
1307 1289 1412 1328 Operis
1433 1289 1575 1327 cuiusque
1599 1301 1705 1320 verum
1732 1292 1858 1319 titulum
1878 1288 2001 1328 indaga-

323 1357 386 1391 ret;
427 1352 553 1392 deinde,
587 1357 619 1383 ut
661 1352 764 1382 horum
802 1358 1042 1391 argumentum,
1075 1354 1240 1388 sormam,
1274 1352 1427 1379 rationem
1468 1348 1658 1388 depingeret,
1691 1359 1780 1387 quam
1814 1349 1850 1378 ob
1880 1359 1999 1380 causam

320 1416 537 1453 praefationes
570 1416 711 1453 integras
743 1416 772 1442 et
804 1411 880 1450 ipsos
911 1409 1060 1440 interdum
1090 1411 1182 1439 libros
1213 1408 1429 1447 pervolulavlt3
1461 1418 1547 1447 porro
1570 1413 1602 1439 ut
1627 1411 1802 1438 Aue-torum
1825 1412 1907 1439 vitas
1931 1419 2002 1439 con-

322 1473 484 1511 scriberet,
519 1483 574 1511 quo
605 1472 710 1503 melius
742 1471 776 1501 de
809 1480 910 1501 corum
933 1469 1080 1501 scribendi
1104 1474 1133 1499 et
1156 1467 1304 1508 cogitandi
1326 1468 1441 1498 ratione
1464 1478 1498 1498 ac
1521 1467 1578 1497 fide
1593 1491 1602 1506 ,
1625 1468 1660 1498 iis
1683 1468 1863 1507 tribuenda,
1885 1473 2003 1499 consta-

322 1537 380 1562 ret.
434 1533 497 1563 Has
529 1532 605 1564 vitas
620 1556 628 1570 ,
660 1540 784 1562 numero
810 1533 845 1561 16
860 1555 868 1568 ,
893 1540 927 1560 ex
949 1530 1066 1560 ineditis
1088 1529 1170 1560 libris
1191 1528 1297 1566 petiit,
1322 1527 1359 1558 ad
1382 1537 1488 1566 easque
1513 1527 1705 1559 illustrandas
1728 1528 1840 1558 maiora
1863 1528 2002 1560 Veterum

326 1590 461 1620 Arabum
495 1590 616 1628 Opera,
649 1589 917 1627 Recentiorumque
953 1589 1071 1627 Scripta
1104 1587 1263 1619 consuluit.
1326 1587 1359 1618 In
1393 1591 1595 1618 annotatione
1627 1593 1782 1626 praeterea
1818 1587 1892 1618 nihil
1925 1588 2002 1618 inta-

325 1654 405 1680 ctum
438 1649 575 1688 reliquit,
606 1649 682 1687 quod
714 1648 804 1680 faciat
836 1648 873 1678 ad
905 1647 1045 1678 Criticam
1074 1648 1148 1677 bene
1179 1647 1405 1686 instituendam,
1434 1652 1463 1677 et
1487 1647 1742 1685 Grammaticam‚
1765 1647 2000 1686 Geographiam,

326 1709 486 1740 Historiam
519 1709 634 1739 cixilem
664 1713 693 1739 et
727 1708 889 1738 literariam
923 1706 1139 1746 explicandam.
1184 1709 1330 1737 Codicum
1353 1706 1478 1745 denique
1490 1710 1603 1744 forma
1623 1715 1753 1736 externa
1774 1711 1913 1737 accurate
1935 1707 2002 1736 bre-

328 1769 458 1807 viterque
490 1768 684 1807 describitur,
720 1773 748 1798 ot
779 1778 812 1797 ex
844 1768 924 1799 libris
943 1767 1013 1806 ipsis
1035 1777 1069 1797 ea
1091 1772 1308 1806 excerpuntur,
1342 1766 1443 1797 addita
1465 1766 1729 1805 interpretatione,
1753 1777 1828 1806 qnae
1852 1767 2000 1797 internam

325 1829 465 1858 librorum
500 1828 645 1858 rationem
678 1827 866 1858 adumbrent.
921 1825 966 1857 lta
998 1826 1204 1857 describuntur
1235 1826 1356 1857 Codices
1387 1838 1446 1865 21,
1470 1827 1631 1857 secundum
1653 1826 1786 1857 ordinem
1810 1826 1999 1865 Chronologi-

327 1900 405 1920 cum.
448 1892 574 1918 Ilorum
603 1887 694 1918 Codd.
726 1888 950 1926 descriptionem
987 1889 1168 1928 Speciminis
1190 1887 1282 1917 instar
1301 1886 1411 1924 edidit,
1434 1887 1502 1925 quia
1523 1890 1679 1925 omnium,
1703 1886 1758 1917 hac
1778 1886 1892 1916 ratione
1916 1885 1998 1917 insti-

328 1953 413 1987 tuta,
442 1948 580 1979 tractatio
603 1947 688 1978 nimis
707 1947 845 1986 temporis
867 1947 1075 1985 requisivisset.
1118 1945 1223 1976 Refert
1247 1945 1338 1976 hocce
1359 1945 1512 1977 consilium
1532 1955 1635 1977 revera
1660 1945 1804 1976 audacem
1826 1957 1998 1976 inuuunt

327 2008 480 2046 animum,
518 2018 589 2046 opus
619 2007 804 2045 suscipientis
837 2007 913 2037 tanti
944 2007 1090 2045 ambitus,
1126 2011 1159 2038 ut
1192 2016 1244 2044 pro
1275 2006 1385 2044 arctis,
1409 2005 1514 2045 quibus
1536 2006 1598 2036 vita
1620 2005 1751 2036 humana
1775 2005 1999 2036 circumscriba-

324 2073 390 2105 tur,
423 2067 548 2105 tinibus‚
581 2067 645 2106 pari
673 2066 759 2097 modo
788 2066 824 2097 ab
856 2076 914 2096 uno
949 2066 1067 2097 homine
1087 2066 1124 2096 ad
1146 2065 1234 2096 finem
1256 2065 1304 2096 vix
1323 2065 1444 2104 perduci
1466 2070 1570 2104 posset.
1613 2065 1795 2095 Humano
1815 2075 1884 2096 vero
1905 2064 1998 2103 illud,

321 2127 383 2158 sine
417 2126 629 2157 intermissione
664 2127 891 2165 continuatum,
926 2126 1004 2157 intra
1037 2135 1056 2162 4
1088 2125 1137 2157 vel
1159 2129 1177 2156 5
1200 2125 1293 2155 lustra
1317 2125 1429 2157 absolvi
1451 2135 1534 2164 posse
1555 2125 1721 2157 videbatur.
1764 2125 1829 2157 vid.
1856 2123 1948 2163 praes.
1971 2135 2000 2163 p.

329 2185 393 2217 VH.
437 2185 581 2217 Iudicium
610 2185 730 2216 illustris
761 2197 859 2216 saon
890 2186 925 2216 de
951 2185 1005 2216 hoe
1026 2196 1198 2216 utimum
1218 2185 1316 2223 Opere
1339 2189 1435 2216 exstat
1456 2185 1487 2216 in
1509 2188 1646 2216 Journal
1666 2187 1720 2217 des
1747 2188 1872 2215 Sauum
1899 2187 1972 2215 1821
1988 2208 1995 2222 ‚

327 2256 355 2284 p.
378 2247 552 2284 346—356,

371 2305 405 2335 P.
431 2316 479 2337 11.
500 2305 552 2336 lin.
575 2313 625 2342 24.
668 2304 879 2336 Cunissmit.
899 2322 936 2329 -
962 2315 1146 2336 Turononus
1174 2315 1336 2334 mausus
1357 2314 1524 2344 cLAnrssz,
1551 2304 1602 2337 Vir
1621 2302 1686 2342 CL,
1710 2302 1765 2334 sibi
1788 2302 1998 2334 elaborandum

331 2370 474 2396 sumserat
504 2367 734 2396 Abdolwalaedi
762 2368 926 2395 historiam
947 2368 1128 2406 Dynastt'ae
1159 2367 1402 2395 Mauretanicae
1431 2366 1731 2402 Almoliadensium,
1763 2364 1808 2394 cui
1831 2362 2001 2403 praefigitur

331 2424 525 2465 introductio,
559 2425 640 2457 lectu
670 2425 858 2466 dignissima,
880 2434 927 2456 res
946 2425 1104 2464 Hispaniae
1124 2425 1288 2456 illustrans.
1330 2423 1466 2456 codicem
1489 2424 1620 2463 intelligo
1642 2423 1720 2454 Bibl.
1742 2423 1776 2453 L.
1806 2422 1845 2453 Β.
1865 2421 1903 2454 N.
1926 2424 1998 2458 546.
