2196 2950
311 167 357 201 72
797 169 1495 206 ANNOTATIO.

314 293 336 309 ι.
368 293 395 311 c.
424 293 531 311 nnscn.
560 285 589 310 et
624 292 649 310 1.
673 292 703 310 o.
721 291 866 319 onwan,
891 282 938 312 cui
965 283 1067 315 titulus
1095 288 1160 315 est.-
1206 287 1344 326 Allgem.
1372 286 1542 325 Encyclop.
1571 284 1626 313 der
1652 285 1925 323 [Vissensclzaflen
1959 298 1990 315 u.

309 342 418 370 kunste
443 340 502 378 lv,
523 339 551 369 in
577 349 647 370 voce
670 342 853 380 Apollonios
876 354 935 372 von
966 345 1097 383 Tyana,
1120 354 1149 385 p.
1167 353 1227 380 440
1245 354 1325 383 seqq.

352 399 386 428 1‘.
402 403 451 429 32.
472 399 522 428 tin.
545 410 590 429 10.
643 402 781 440 Reliqua
807 403 909 441 Opera
929 406 988 432 cet.
1030 402 1259 434 Observationes
1280 403 1316 434 de
1344 406 1473 444 reliquis
1497 402 1585 433 etiam
1609 402 1666 433 illis
1693 405 1858 444 Opuaeulis
1881 415 1989 433 nnm-

308 470 406 488 xr-:nns
439 458 546 499 partim
577 459 759 490 annotationi
787 464 820 490 in
843 463 952 491 Vitam
978 463 1142 502 Apollonii
1159 463 1307 502 inserere,
1331 463 1439 504 partim
1460 473 1519 493 una
1539 473 1607 493 cum
1631 461 1934 493 animadversionibus
1953 462 1986 493 iu

306 529 432 548 Lvsenu
465 518 603 549 adversus
630 531 814 549 nir-:noenta
839 520 945 550 librum
967 525 994 551 et
1015 521 1152 562 epistolas
1171 522 1318 562 Apollonii
1338 523 1375 552 ad
1397 522 1478 552 Libri
1500 522 1612 553 calcem
1633 522 1758 553 adiicere
1779 522 1907 554 volebat.
1950 521 1985 553 Ia

304 587 384 616 uno,
405 577 453 616 qui
479 577 585 619 prodiit
604 589 682 608 anno
705 581 800 617 1816,
819 578 960 610 fasciculo
983 592 1181 611 numanus
1207 580 1244 611 ad
1264 580 1353 612 finem
1374 581 1441 612 libri
1461 582 1557 620 quarti
1585 585 1662 612 Vita
1687 584 1851 623 Apollonii
1872 592 1986 623 proces·

304 637 350 667 sit.
393 637 475 677 Opus
508 637 679 677 inceptum,
703 637 725 668 si
749 638 840 668 otium
865 638 918 679 ipsi
941 638 1059 677 suisset,
1084 639 1223 670 lubenter
1244 639 1281 670 ad
1307 639 1395 670 finem
1419 640 1608 681 perduxisset.
1650 642 1836 683 Apparatum
1858 641 1936 671 enim
1956 641 1986 672 in

304 696 445 734 reliquam
471 695 555 726 huius
573 696 677 737 Operis
701 701 815 738 partem
837 697 953 728 Iuvenis
975 703 1144 738 paraverat.
1189 699 1279 729 Hunc
1301 708 1370 730 vero
1395 704 1495 739 postea
1516 700 1696 741 inspiciens,
1717 711 1805 740 eum,
1826 706 1985 739 antequam

302 755 456 793 ederetur,
477 755 582 785 iterum
605 755 775 794 elaborare,
799 756 929 795 digerere
947 757 1074 797 saltem,
1097 758 1259 796 meliusqie
1281 757 1413 797 redigere
1435 758 1583 796 cupiebat.

345 814 377 844 Ρ.
402 818 451 846 32-
469 814 520 845 lin.
546 817 592 845 16.
613 818 763 851 futurum
793 833 828 840 -
861 817 1033 846 Vindicem.
1085 815 1170 847 Vidd.
1202 819 1302 847 Lectt.
1334 819 1489 847 Plztloscr.
1518 827 1547 857 p.
1585 828 1640 857 lo,
1671 822 1812 858 15-—22‚
1841 824 1880 850 50
1902 830 1984 858 seq.,

302 877 360 911 56,
385 878 423 914 59
447 885 530 914 seqq.

348 934 381 963 P.
401 938 449 965 32.
471 934 521 964 lin.
544 943 593 970 24-
637 937 855 965 Recordamini'
882 954 918 961 -
944 938 1127 966 censuram.
1147 935 1394 967 Vid.Bihl.Cri't.
1411 939 1494 967 Λόν.
1514 936 1552 968 lv
1567 960 1576 975 ,
1596 947 1625 977 p.
1647 941 1706 978 372
1725 947 1804 976 seqq.
1830 937 1984 976 Quaenam

302 993 356 1023 hac
390 993 519 1024 Censura
547 994 777 1034 contineamur,
804 996 961 1033 sequentia
989 995 1135 1026 doceant:
1173 1003 1206 1026 10
1227 998 1390 1026 historiam
1422 996 1514 1026 tradit
1547 999 1723 1026 literarium
1746 1008 1886 1027 'rznrzar
1907 997 1985 1038 Ope-

299 1063 382 1092 rum,
405 1064 433 1094 p.
456 1057 635 1094 375—3793
671 1061 706 1084 20
727 1057 877 1085 ineditam
897 1055 1025 1086 eiusdem
1048 1057 1232 1096 epistolam,
1254 1055 1283 1086 in
1309 1065 1397 1093 quam
1420 1055 1549 1086 breviter
1569 1060 1804 1095 commentatur,
1827 1067 1855 1096 p.
1876 1060 1936 1097 379
1951 1075 1984 1083 —

300 1116 354 1143 381
371 1125 378 1150 ;
410 1117 445 1144 30
467 1113 501 1142 de
523 1126 612 1143 versu
627 1117 753 1154 politico
772 1114 937 1145 doctissime
956 1114 1088 1154 disserit,
1112 1126 1141 1153 p.
1163 1117 1353 1152 383—3885
1382 1116 1421 1151 4⁹
1445 1117 1504 1145 loci*
1523 1117 1665 1144 nonnulli
1683 1115 1866 1156 explicantur
1879 1139 1888 1154 ‚
1909 1128 1983 1146 nar-

299 1176 514 1213 rationumque
539 1177 645 1209 sontes
677 1173 864 1213 indicantur,
900 1185 927 1215 p.
956 1177 1139 1215 389—3965
1162 1177 1199 1205 50
1219 1176 1352 1204 Errores
1370 1174 1399 1204 in
1426 1178 1508 1205 textu
1532 1174 1715 1204 emendando
1733 1179 1762 1205 et
1781 1174 1973 1213 illustranda,

303 1243 319 1261 a
347 1243 550 1262 xizssnmcio
585 1233 748 1272 commissi,
774 1233 986 1271 emendantur,
1014 1245 1042 1274 p.
1063 1238 1120 1274 397
1142 1244 1221 1272 seqq.
1243 1251 1278 1258 —
1303 1233 1506 1264 {iunximus
1526 1244 1609 1265 suam
1635 1245 1776 1265 'rchZAE
1801 1235 1981 1264 Clziliadum

303 1290 459 1321 editionem
492 1297 519 1322 et
551 1291 674 1330 Scriptis
707 1293 768 1324 eius
791 1295 917 1323 ineditis
941 1303 1047 1333 augere
1070 1299 1097 1323 et
1121 1296 1254 1323 labentis
1275 1295 1468 1323 Graecitatis
1492 1295 1600 1324 Indice
1623 1293 1767 1324 instruere
1789 1294 1981 1333 cogitaverat.

296 1350 372 1380 Huic
405 1352 525 1388 Indici,
561 1362 628 1381 cum
664 1361 697 1381 ex
730 1354 904 1393 Ερίειοίίε,
938 1358 1001 1383 tum
1024 1362 1058 1383 ex
1082 1354 1280 1383 Cln'liadihus
1304 1352 1476 1391 depromto,
1501 1352 1694 1384 difficiliorum
1716 1352 1926 1385 vocabulorum
1950 1358 1978 1384 et

293 1410 429 1448 loquendi
464 1410 657 1441 formularum
689 1412 912 1450 explicationem
946 1412 1070 1442 addere:
1104 1415 1226 1442 inedita
1261 1422 1352 1450 vero,
1387 1417 1541 1451 postquam
1564 1412 1650 1444 huius
1671 1412 1806 1443 editionis
1828 1412 1978 1451 parandae

294 1470 464 1508 sensilium,
489 1475 517 1501 et
541 1471 604 1502 aliis
628 1471 661 1501 de
684 1472 798 1508 causis,
823 1477 852 1502 et
874 1473 999 1503 editione
1025 1483 1222 1503 messmxcu
1247 1472 1387 1512 cognita,
1427 1472 1548 1503 missum
1572 1472 1706 1512 fecerat,
1728 1472 1887 1512 separatim
1910 1472 1977 1502 ede·

292 1540 321 1559 ic
347 1531 490 1561 voluerat.

336 1590 371 1621 l'.
403 1595 451 1622 33.
486 1590 536 1620 lin.
572 1596 617 1622 15.
671 1594 852 1622 Αιιεηιίαηι
884 1610 919 1616 -—
952 1595 1161 1623 emendatum.
1214 1591 1302 1623 Cous.
1337 1591 1414 1622 Diss-
1447 1602 1512 1622 mea
1545 1594 1582 1622 de
1617 1595 1732 1622 Amoso
1766 1592 1794 1623 in
1827 1597 1927 1624 annot.
1948 1603 1977 1631 p.

292 1660 331 1685 41)
354 1659 414 1688 seq,

336 1709 358 1738 Ι1
391 1712 440 1743 33.
461 1710 513 1740 lin·
536 1715 584 1741 23.
629 1713 762 1751 Agimus
787 1724 855 1741 vero
882 1727 918 1732 —
941 1713 1127 1751 disputanti.
1172 1710 1238 1741 vid.
1263 1712 1346 1740 Babl.
1369 1712 1446 1740 Cric.
1470 1713 1553 1741 Νον.
1576 1710 1620 1749 V,
1646 1721 1674 1749 P·
1698 1714 1756 1742 315
1779 1720 1857 1749 seqq.

332 1769 366 1799 P.
390 1775 439 1806 34.
461 1770 511 1800 lin.
538 1781 584 1811 ¹9·
631 1773 778 1801 Oratione
811 1773 920 1800 hahita
952 1775 1010 1801 cet.
1062 1769 1150 1801 Edita
1180 1775 1223 1800 est
1246 1770 1350 1800 Oratio
1372 1780 1441 1801 cum
1462 1770 1577 1801 Annot.
1595 1769 1685 1801 Leov.
1711 1772 1786 1800 1816
1807 1777 1864 1808 40,
1888 1770 1971 1801 dein-

290 1830 324 1859 de
346 1830 452 1860 iterum
472 1830 501 1860 in
523 1832 609 1859 Ana.
630 1832 735 1860 Acad.
755 1831 850 1859 Gran.
874 1831 1088 1860 1815—1816.

332 1889 364 1919 P.
388 1893 439 1921 35.
459 1889 509 1919 tin.
536 1900 580 1929 17.
623 1892 767 1929 Namque
799 1891 928 1918 Graecis
961 1891 1148 1929 Latinisque
1179 1893 1238 1918 cet.
1283 1888 1348 1920 Vid.
1381 1888 1426 1918 Ci-
1458 1900 1701 1919 urmsnnozxu
1744 1888 1818 1920 Diss.
1851 1888 1886 1919 de
1910 1891 1969 1920 Ilm

290 1952 440 1979 Haut-alo
469 1949 568 1979 Praes.
591 1959 618 1987 p.
639 1948 773 1979 vll—lx
789 1973 798 1988 ‚
829 1948 1016 1987 eiusdemque
1038 1948 1141 1978 Oratio
1155 1973 1163 1986 ,
1197 1948 1232 1978 L.
1255 1947 1290 1977 B.
1315 1951 1395 1979 1822
1417 1947 1540 1987 habita,
1566 1951 1602 1979 de
1625 1952 1845 1979 Astronomi'ae
1865 1951 1969 1979 condi-

287 2014 366 2040 tione
401 2012 487 2050 apud
517 2011 659 2047 Arabes,
693 2012 836 2050 aliasque
871 2011 973 2039 Medii
992 2010 1075 2038 Aeci
1103 2016 1210 2049 gentes
1231 2008 1268 2038 Ο.
1287 2008 1324 2038 Ο.
1348 2008 1391 2049 (tn
1415 2010 1502 2039 Ann-
1526 2011 1563 2038 L.
1584 2011 1625 2039 B.
1653 2008 1879 2048 1822—1823).
1923 2007 1967 2038 De

286 2069 418 2099 Arabum
449 2069 478 2099 in
511 2069 700 2099 Astronomia
730 2069 840 2100 meritis
870 2069 926 2108 egit
958 2078 1072 2107 qmque
1099 2080 1226 2099 wumn.
1251 2068 1280 2098 in
1303 2068 1358 2098 Or.
1378 2070 1415 2097 cle
1435 2072 1527 2099 retia.
1547 2072 1647 2110 antiq.
1666 2072 1742 2101 Bac.
1768 2072 1801 2098 in
1823 2072 1900 2099 Litt.
1927 2071 1967 2099 Ο.

290 2132 325 2159 ().
344 2131 470 2169 gloria,
500 2139 528 2166 p.
552 2132 590 2164 54
613 2138 692 2166 seqq.
735 2127 815 2167 Quid
846 2128 923 2158 enim
945 2138 980 2158 ex
999 2127 1084 2158 editis
1103 2127 1238 2158 Arabum
1266 2127 1388 2166 Scriptis
1411 2127 1592 2166 Disciplinae
1609 2129 1774 2160 Severiores
1793 2129 1963 2167 lucrentur,

288 2188 422 2219 novimus
445 2198 478 2217 ex
499 2190 669 2217 Elementis
690 2191 915 2217 ,astronomicis
937 2190 1139 2227 Affragani,
1172 2196 1189 2216 a
1215 2198 1238 2216 ι.
1257 2198 1350 2217 como
1364 2211 1373 2226 ,
1399 2186 1611 2217 mathematico
1633 2187 1743 2226 etiam,
1768 2188 1863 2218 Amst.
1887 2189 1963 2228 1669

291 2248 375 2278 editis
396 2252 423 2277 et
445 2245 663 2277 Commentario
685 2245 837 2277 illustratis
852 2247 903 2284 ‚in
925 2256 982 2285 quo
1003 2255 1037 2275 ex
1058 2257 1112 2276 111⁸
1135 2256 1277 2275 tonsoso
1302 2245 1348 2276 hic
1362 2246 1504 2276 nonnulla
1517 2256 1631 2285 quoque
1643 2246 1742 2277 refert.
1776 2245 1829 2276 lan
1844 2257 1966 2277 nouau-

290 2319 315 2336 ,ει
341 2307 496 2337 editionem
531 2306 673 2344 integram
711 2304 814 2335 deinde
843 2315 946 2344 parare
966 2308 1136 2344 susceperat
1159 2315 1331 2335 wirma-:rr
1355 2305 1540 2344 Discipulus,
1562 2316 1660 2337 rerum
1682 2305 1824 2336 Mathem.
1846 2306 1965 2336 Astron.

291 2372 316 2395 et
352 2367 388 2395 ().
405 2367 443 2396 0.
473 2366 507 2396 1..
529 2365 564 2395 L.
594 2364 697 2406 peritia
729 2364 865 2403 insignis,
899 2377 972 2395 mr.
998 2377 1062 2395 ric.
1083 2374 1341 2403 BEUSLCAMPUJS,
1364 2366 1519 2404 repentina
1541 2370 1634 2395 morte
1652 2364 1795 2395 sublatus.
1837 2365 1966 2396 Notitias

291 2425 325 2453 de
355 2424 407 2455 hoc
439 2425 586 2464 Scriptore
617 2424 758 2463 tradidit,
790 2424 975 2463 eiusdemque
1008 2423 1133 2463 Operis,
1168 2423 1297 2454 omnium
1318 2425 1444 2456 maxime
1469 2424 1629 2464 celebrati,
1650 2429 1856 2464 argumentum
1877 2435 1965 2456 accu-
