2196 2950
602 126 1299 161 ANNoTA'rio.
1742 120 1784 153 71

152 235 186 268 Ρ.
209 241 259 269 32.
280 235 333 267 lin.
357 241 385 267 8.
434 239 512 267 Vita
546 239 708 278 Apollonii
738 256 778 262 —
811 242 1006 280 dignissima.
1049 240 1131 270 Haec
1156 241 1317 279 Apollonii
1352 239 1430 266 Vita
1457 245 1515 265 non
1546 243 1637 264 unam
1654 232 1690 263 Ob
1714 242 1784 262 cat·

111 306 176 326 sam
209 301 252 327 est
275 295 463 334 dignissima,
487 295 517 325 in
541 305 598 333 qua
620 296 808 329 Eruditorum
831 307 920 335 opera
941 298 1112 328 collocetur.
1158 297 1195 326 Ut
1219 298 1395 335 Plzilologis
1417 304 1479 324 sese
1502 293 1574 324 haec
1597 290 1785 323 commendat

106 364 206 385 rerum
239 354 340 393 copia,
375 353 480 392 quibus
512 353 542 383 hi
573 353 723 392 ingenium
758 355 898 386 criticum
930 356 1041 394 possint
1061 365 1198 392 ⁴acuere,
1230 355 1273 384 ita
1294 354 1330 384 iis
1353 353 1462 391 etiam,
1486 352 1584 390 quiin
1609 354 1785 381 Historiam

110 416 334 453 Philosophiae
366 422 467 442 eorum
500 415 663 450 temporum
696 413 864 445 accuratius
896 414 1074 452 inquirant,
1099 423 1134 443 ex
1156 422 1247 451 eaque
1277 414 1460 451 leeologiae
1482 411 1610 441 studium
1633 414 1786 440 exornent.

108 472 193 502 Tunc
222 472 301 502 enim
334 471 548 510 Pythagoricae
583 470 733 502 doctrinae
763 472 930 504 Sectatores
952 484 1073 512 magnas
1094 477 1191 511 partes
1213 471 1361 511 agebant,
1392 470 1576 509 Pythagorae
1597 470 1706 507 placita
1727 480 1784 499 nou

109 531 241 570 integra,
264 530 314 562 sed
338 530 363 560 ei
392 530 483 560 aetati
520 531 763 570 accommodata,
795 532 943 563 docentes.
984 532 1094 572 Magna
1122 542 1229 570 nempe
1261 531 1290 562 in
1312 540 1361 561 eos
1390 530 1500 568 etiam,
1523 529 1572 567 qui
1591 529 1627 558 ad
1646 528 1784 558 Gentium

107 600 191 621 sacra
224 589 489 627 adhaerescerent,
514 590 660 629 religionis
682 590 866 621 Christianae
891 597 955 623 erat
979 593 1148 623 auctoritas.
1202 591 1291 622 Cuius
1313 600 1459 621 summam
1483 588 1695 627 praestantiam
1718 598 1785 617 cuni

108 649 187 680 haud
213 649 298 687 pauci
320 659 420 679 eorum
448 648 664 688 quodammodo
686 651 922 690 perspexissent,
957 651 986 681 hi
1010 652 1152 682 nonnulla
1174 651 1229 682 sibi
1251 660 1286 680 ex
1305 660 1340 680 ea
1362 648 1518 679 delibanda
1539 657 1600 678 esse
1615 647 1786 677 censebant.

109 709 187 739 Hinc
210 719 278 739 cum
303 708 332 738 in
360 718 542 738 Pom-nram
564 713 592 739 et
615 721 819 748 minumum,
850 715 912 742 tum
934 711 963 741 in
986 722 1202 741 1²111cosrnaro
1219 710 1365 749 religionis
1385 708 1495 739 Christ.
1519 708 1547 737 in
1571 706 1716 745 cogitandi
1738 716 1787 736 ra-

108 767 217 799 tionem
235 767 364 798 efficacia
387 778 445 798 non
467 769 625 807 conspicua
648 778 709 800 esse
730 779 788 799 non
810 774 935 808 poterat.
979 770 1070 801 Hicce
1093 775 1191 800 autem
1215 769 1423 810 (Philostratus
1445 767 1550 805 maior)
1576 776 1681 796 novam
1704 766 1785 795 illam

110 826 273 859 doctrinam
305 826 533 866 Pythagoricum
566 827 715 858 conditam
749 828 836 859 latius
864 839 1027 869 propagare
1049 829 1194 867 simulque
1215 828 1414 867 Syncretismo
1435 827 1534 857 favere
1555 825 1696 864 cupiens,
1722 834 1786 855 eam

108 888 270 927 Apollonii
307 889 478 926 Tyanensis
509 886 606 917 Vitam
630 886 792 925 descripsit.
835 888 1043 918 Arorronms
1068 897 1173 925 nempe
1193 887 1232 917 sic
1255 887 1349 917 dictus
1364 897 1380 917 a
1403 885 1605 925 Cappadociae
1624 884 1713 921 urbe,
1739 884 1787 914 uhi

108 951 194 977 natus
226 950 309 984 erat,
342 946 474 985 Augusto
501 951 660 985 regnante,
699 951 727 977 et
759 957 812 985 per
837 958 959 977 roxem
996 946 1181 985 disciplinam
1205 946 1478 985 Neopythagoricae
1508 944 1657 975 doctrinae
1689 953 1788 973 amore

108 1006 224 1047 penitus
256 1005 406 1043 imbutus,
438 1005 604 1044 longissima
639 1006 775 1047 deinceps
808 1017 860 1047 per
883 1007 1057 1044 Graeciam,
1080 1006 1194 1037 Italiam
1209 1030 1216 1043 ,
1241 1006 1413 1046 Hispaniam
1428 1030 1436 1044 ‚
1458 1006 1646 1045 Aegyptum,
1665 1003 1787 1034 Aethio-

107 1065 207 1106 piam,
231 1075 340 1106 perque
367 1065 493 1096 mediam
516 1065 616 1096 Asiam
637 1066 666 1095 in
693 1065 806 1096 Indiam
829 1076 920 1104 usque
939 1066 1045 1097 itinera
1068 1066 1192 1104 fecisse,
1215 1066 1433 1104 maximamque
1454 1071 1481 1095 et
1504 1065 1619 1106 placitis
1638 1066 1697 1095 suis
1717 1075 1787 1094 con-

107 1124 255 1163 siliisque,
279 1135 354 1163 quae
375 1124 588 1163 meditaretur,
615 1135 649 1155 ac
672 1125 821 1156 miraculis
843 1126 933 1156 etiam
955 1131 982 1156 et
1005 1126 1151 1157 vaticiniis
1171 1126 1296 1156 nominis
1316 1126 1519 1156 celebritatem
1546 1125 1599 1155 sibi
1622 1134 1790 1165 comparas-

105 1195 135 1216 se
159 1184 263 1217 fertur.
306 1185 403 1223 Quam
425 1196 492 1216 cum
518 1185 600 1216 vivus
621 1186 679 1216 iam
702 1191 806 1217 nactus
828 1186 949 1225 fuisset,
982 1187 1122 1217 maiorem
1141 1191 1240 1216 tamen
1263 1190 1394 1216 mortuus
1414 1190 1589 1216 consecutus
1607 1189 1662 1215 est.
1703 1184 1789 1221 Quod

107 1257 174 1276 cum
202 1250 351 1276 testantur
381 1244 518 1287 Scripta,
552 1255 627 1284 quae
658 1246 693 1276 de
716 1256 750 1276 eo
769 1252 838 1278 ante
862 1246 1075 1277 Philostratum
1102 1247 1161 1277 iam
1185 1245 1375 1284 serebantur,
1404 1251 1465 1276 tum
1489 1245 1600 1275 nummi
1620 1254 1732 1283 quoque
1759 1243 1789 1273 in

111 1305 172 1336 eius
204 1305 330 1345 gratiam
360 1305 441 1343 cusi,
469 1309 531 1335 tum
561 1306 658 1336 cultus
690 1305 826 1344 divinus,
850 1315 906 1344 quo
928 1310 1027 1346 postea
1048 1305 1171 1335 donatus
1196 1310 1249 1336 est.
1295 1305 1395 1343 Quum
1418 1305 1494 1335 enim
1518 1305 1547 1335 in
1568 1305 1628 1335 eius
1649 1303 1788 1335 honorem

107 1375 193 1396 sacra
226 1365 360 1396 instituta
395 1369 491 1395 essent
524 1375 558 1394 ac
595 1364 704 1405 templa
736 1364 876 1403 condita,
916 1364 1083 1395 Alexander
1113 1364 1257 1404 Severus,
1293 1365 1372 1395 hunc
1405 1375 1464 1395 una
1495 1375 1561 1395 cum
1594 1365 1788 1403 Abrahamo‚

109 1424 249 1463 Orpheo,
272 1425 390 1465 ipsoque
408 1424 430 1454 Ι.
452 1424 485 1454 C.
505 1434 571 1455 suos
593 1424 669 1455 inter
690 1424 817 1455 Penates
838 1425 949 1455 retulit.
982 1424 1049 1462 Quo
1065 1423 1144 1455 facto
1157 1449 1165 1463 ,
1186 1424 1259 1455 Iulia
1273 1449 1282 1463 ‚
1302 1424 1462 1455 Alexandri
1481 1424 1582 1455 Severi
1608 1425 1703 1463 Uxor,
1716 1424 1788 1454 Phi-

110 1485 229 1515 tostrato
250 1484 412 1525 persuasit,
446 1488 479 1514 ut
507 1487 615 1514 Vitam
637 1484 718 1513 illam
741 1483 952 1514 conscriberet.
995 1484 1068 1514 Eam
1090 1484 1143 1525 ipsi
1170 1484 1343 1523 tradidisse,
1372 1484 1528 1525 perhibent
1546 1484 1693 1525 Scriptum
1718 1486 1789 1514 Da-

109 1546 199 1573 midis
222 1543 373 1574 cuiusdam
396 1543 527 1582 Assyrii,
556 1543 702 1584 Apollonii
727 1543 795 1573 olim
816 1543 926 1573 itineris
944 1544 1033 1581 socii,
1053 1553 1139 1582 quem
1160 1543 1207 1574 hic
1234 1543 1339 1574 Ninive
1360 1544 1529 1582 cognitum,
1553 1543 1606 1574 sibi
1632 1543 1736 1573 deinde
1757 1544 1787 1573 in

109 1608 280 1644 perpetuum
311 1603 493 1633 devinxerat.
538 1602 599 1632 Hoc
634 1607 732 1632 autem
762 1602 876 1643 Scripta
916 1602 1055 1640 aliisque,
1081 1612 1152 1641 quos
1178 1602 1332 1638 habuerit,
1368 1602 1496 1633 fontibus
1518 1603 1587 1641 quin
1611 1603 1700 1632 libere
1722 1613 1789 1633 usus

107 1663 160 1700 sit,
193 1672 279 1692 nemo
303 1661 363 1692 fere
387 1661 520 1700 dubitat;
557 1661 703 1700 quodnam
728 1671 797 1692 vero
820 1662 881 1692 eius
906 1661 936 1692 in
959 1672 992 1691 eo
1013 1661 1110 1702 Opere
1133 1661 1286 1691 condendo
1308 1662 1397 1693 suerit
1419 1662 1589 1701 consilium,
1613 1662 1691 1692 inter
1713 1661 1786 1692 Eru-

109 1721 182 1752 ditos
214 1722 334 1752 minime
354 1726 491 1759 constat,
516 1731 570 1751 nec
595 1720 702 1759 facite,
727 1720 855 1751 fontibus
878 1720 1038 1761 deperditis
1054 1745 1062 1759 ,
1090 1726 1170 1751 certo
1192 1721 1264 1751 effici
1285 1726 1389 1762 potest.
1432 1722 1560 1752 Daunus
1584 1724 1788 1762 (Apollonius

110 1793 168 1810 cosi
197 1785 308 1820 Tyana
332 1783 398 1810 und
421 1783 563 1810 Christus
584 1780 663 1810 Tub,
697 1783 774 1810 1832
798 1783 849 1817 80)
870 1785 1008 1810 naturam
1032 1781 1206 1818 attendens,
1230 1791 1304 1819 quae
1323 1781 1479 1822 Apollonio
1501 1781 1609 1810 ibidem
1632 1780 1787 1819 tribuitur,

108 1839 305 1870 sublimiorem
338 1850 404 1869 cum
438 1839 568 1869 humana
603 1838 810 1876 coniunctam,
840 1839 993 1877 variasque
1013 1839 1073 1869 eius
1091 1839 1306 1870 vicissitudines
1328 1840 1489 1878 agendique
1509 1839 1651 1869 rationem
1678 1850 1711 1869 ac
1734 1840 1788 1870 mi-

107 1899 210 1929 racula
242 1903 271 1928 et
302 1898 461 1937 vaticinia,
497 1909 564 1928 cum
592 1898 645 1935 iis,
679 1908 754 1936 quae
782 1897 817 1927 de
840 1897 862 1927 1.
884 1897 917 1928 C.
941 1903 1123 1936 narrantur,
1146 1898 1177 1929 in
1199 1899 1297 1928 multis
1321 1899 1531 1937 quodammodo
1553 1899 1758 1930 convenientia
1775 1923 1784 1937 ,

107 1958 318 1988 Philostratum
352 1957 406 1987 hoc
442 1958 567 1988 voluisse
600 1957 786 1995 suspicatur,
823 1968 899 1996 non,
933 1958 1009 1996 qnod
1040 1962 1128 1988 antea
1160 1958 1293 1988 nonnulli
1326 1958 1587 1996 existimaverant,
1626 1963 1657 1988 ut
1680 1958 1785 1988 librum

106 2023 225 2061 ederet,
261 2032 317 2061 quo
347 2021 528 2052 Christianos
556 2029 675 2062 poteret
717 2024 875 2062 maligne,
907 2022 957 2052 sed
991 2026 1023 2051 ut
1051 2021 1218 2061 Euangeliis
1250 2022 1399 2061 Scriptum
1431 2028 1588 2064 opponeret
1617 2019 1787 2064 ἀνάλογον.

107 2083 193 2113 Hanc
216 2092 286 2114 vero
307 2081 484 2112 sententiam
505 2080 681 2122 improbavit
704 2092 857 2110 nirrrnus
882 2082 1077 2121 (Geschiclzce
1095 2083 1149 2110 der
1168 2084 1246 2121 phil.
1267 2082 1325 2112 vol.
1345 2081 1400 2120 lv,
1421 2083 1529 2114 Hamb.
1555 2087 1629 2120 ¹834
1643 2108 1651 2122 ,
1675 2096 1703 2125 p.
1726 2093 1784 2125 494

107 2142 193 2179 seq.).
237 2141 290 2171 Cui
315 2141 382 2172 licet
402 2140 620 2172 assentiendum
641 2140 699 2178 sit,
724 2140 870 2181 Apollonii
891 2140 986 2171 Vitam
1007 2139 1104 2170 dedita
1125 2141 1212 2181 opera
1233 2152 1291 2172 non
1313 2141 1354 2172 ita
1377 2152 1394 2172 a
1419 2142 1598 2173 Philostrato
1619 2149 1787 2174 exornatam

107 2210 190 2240 esse,
221 2206 254 2233 ut
277 2201 335 2232 alia
358 2211 474 2242 prorsus
488 2225 496 2239 ,
521 2205 608 2239 atque
634 2199 748 2238 sontes,
782 2210 852 2238 quos
873 2200 1056 2239 consuleret,
1079 2201 1254 2240 tradiderit,
1281 2202 1334 2232 hoc
1357 2207 1456 2233 tamen
1479 2204 1721 2235 verisimillimum
1745 2215 1788 2235 es-

109 2269 139 2291 se
162 2260 295 2299 videtur,
320 2271 376 2300 ea,
406 2271 481 2300 quae
502 2260 537 2290 de
559 2260 693 2298 Christo,
720 2273 789 2290 cnm
811 2263 977 2300 Apollonio
997 2268 1070 2290 tunc
1089 2265 1232 2301 temporis
1251 2265 1336 2292 culto
1353 2287 1361 2301 ‚
1393 2262 1585 2302 serebantur,
1608 2264 1788 2295 Philostrato

107 2319 212 2360 quippe
241 2320 302 2350 sine
331 2320 418 2350 dubio
449 2321 588 2360 cognita,
621 2323 764 2360 aliquam
792 2320 897 2351 saltem
930 2319 961 2350 in
992 2320 1107 2361 ipsum,
1137 2323 1229 2351 libere
1251 2321 1308 2352 illis
1331 2321 1460 2352 fontibus
1483 2331 1633 2362 utentem,
1654 2324 1711 2354 vim
1735 2323 1790 2353 ha-

109 2378 214 2410 buisse.
257 2378 432 2418 Dignissima
464 2384 550 2418 sunt,
586 2389 660 2417 quae
689 2379 825 2419 legantur
861 2379 896 2409 de
929 2379 985 2410 hac
1018 2380 1186 2418 quaestione
1217 2381 1296 2412 dicta
1327 2382 1357 2412 in
1395 2382 1492 2424 Opere
1513 2383 1590 2415 edito
1610 2394 1626 2413 a
1647 2383 1722 2416 Viris
1743 2383 1791 2413 (ΣΙ.
