<?xml version="1.0" encoding="UTF-8"?>
<!DOCTYPE html PUBLIC "-//W3C//DTD XHTML 1.0 Transitional//EN"
    "http://www.w3.org/TR/xhtml1/DTD/xhtml1-transitional.dtd">
<html xmlns="http://www.w3.org/1999/xhtml" xml:lang="en" lang="en">
 <head>
  <title>
</title>
<meta http-equiv="Content-Type" content="text/html;charset=utf-8" />
  <meta name='ocr-system' content='tesseract 3.04.00' />
  <meta name='ocr-capabilities' content='ocr_page ocr_carea ocr_par ocr_line ocrx_word'/>
</head>
<body>
  <div class='ocr_page' id='page_1' title='image "./oratiodehenricoa00juynuoft_0014.png"; bbox 0 0 2196 2950; ppageno 0'>
   <div class='ocr_carea' id='block_1_1' title="bbox 354 153 1571 193">
    <p class='ocr_par' dir='ltr' id='par_1_1' title="bbox 354 153 1571 193">
     <span class='ocr_line' id='line_1_1' title="bbox 354 153 1571 193; baseline -0.007 0"><span class='ocrx_word' id='word_1_1' title='bbox 354 161 396 193; x_wconf 79' lang='lat' dir='ltr'>lu</span> <span class='ocrx_word' id='word_1_2' title='bbox 825 156 871 188; x_wconf 80' lang='lat' dir='ltr'>T.</span> <span class='ocrx_word' id='word_1_3' title='bbox 937 155 983 187; x_wconf 89' lang='lat' dir='ltr'>G.</span> <span class='ocrx_word' id='word_1_4' title='bbox 1046 153 1074 186; x_wconf 92' lang='grc' dir='ltr'>Ι.</span> <span class='ocrx_word' id='word_1_5' title='bbox 1138 153 1571 188; x_wconf 88' lang='lat' dir='ltr'>IUYNBOLL</span> 
     </span>
    </p>
   </div>
   <div class='ocr_carea' id='block_1_2' title="bbox 344 267 2045 1957">
    <p class='ocr_par' dir='ltr' id='par_1_2' title="bbox 351 267 2043 380">
     <span class='ocr_line' id='line_1_2' title="bbox 352 267 2043 318; baseline -0.002 -12"><span class='ocrx_word' id='word_1_6' title='bbox 352 274 494 318; x_wconf 81' lang='lat' dir='ltr'>pliuae,</span> <span class='ocrx_word' id='word_1_7' title='bbox 531 275 691 314; x_wconf 76' lang='lat' dir='ltr'>quotque</span> <span class='ocrx_word' id='word_1_8' title='bbox 727 267 916 312; x_wconf 73' lang='lat' dir='ltr'>disciplina</span> <span class='ocrx_word' id='word_1_9' title='bbox 948 273 1075 300; x_wconf 84' lang='lat' dir='ltr'>nostra</span> <span class='ocrx_word' id='word_1_10' title='bbox 1102 267 1164 300; x_wconf 89' lang='lat' dir='ltr'>illo</span> <span class='ocrx_word' id='word_1_11' title='bbox 1199 274 1363 314; x_wconf 84' lang='lat' dir='ltr'>tempore</span> <span class='ocrx_word' id='word_1_12' title='bbox 1397 274 1538 301; x_wconf 77' lang='lat' dir='ltr'>careret</span> <span class='ocrx_word' id='word_1_13' title='bbox 1569 267 1929 313; x_wconf 68' lang='lat' dir='ltr'><strong>opportunitatibus,</strong></span> <span class='ocrx_word' id='word_1_14' title='bbox 1959 271 2043 314; x_wconf 78' lang='lat' dir='ltr'>quj-</span> 
     </span>
     <span class='ocr_line' id='line_1_3' title="bbox 351 333 2043 380; baseline -0.001 -9"><span class='ocrx_word' id='word_1_15' title='bbox 351 340 418 371; x_wconf 87' lang='lat' dir='ltr'>bus</span> <span class='ocrx_word' id='word_1_16' title='bbox 438 339 523 370; x_wconf 83' lang='lat' dir='ltr'>haee</span> <span class='ocrx_word' id='word_1_17' title='bbox 538 347 618 367; x_wconf 80' lang='lat' dir='ltr'>cum</span> <span class='ocrx_word' id='word_1_18' title='bbox 638 334 772 366; x_wconf 86' lang='lat' dir='ltr'>nostris</span> <span class='ocrx_word' id='word_1_19' title='bbox 794 334 832 366; x_wconf 90' lang='lat' dir='ltr'>in</span> <span class='ocrx_word' id='word_1_20' title='bbox 855 333 1062 378; x_wconf 84' lang='lat' dir='ltr'><strong>regionibus</strong></span> <span class='ocrx_word' id='word_1_21' title='bbox 1077 359 1086 376; x_wconf 90' lang='lat'>,</span> <span class='ocrx_word' id='word_1_22' title='bbox 1107 339 1185 366; x_wconf 89' lang='lat' dir='ltr'>tum</span> <span class='ocrx_word' id='word_1_23' title='bbox 1214 336 1411 380; x_wconf 85' lang='lat' dir='ltr'>praecipue</span> <span class='ocrx_word' id='word_1_24' title='bbox 1443 335 1541 379; x_wconf 88' lang='lat' dir='ltr'>apud</span> <span class='ocrx_word' id='word_1_25' title='bbox 1562 334 1718 367; x_wconf 80' lang='lat' dir='ltr'>Exteros</span> <span class='ocrx_word' id='word_1_26' title='bbox 1735 359 1745 376; x_wconf 90' lang='lat'>,</span> <span class='ocrx_word' id='word_1_27' title='bbox 1764 334 1869 367; x_wconf 86' lang='lat' dir='ltr'>hodie</span> <span class='ocrx_word' id='word_1_28' title='bbox 1890 333 2043 369; x_wconf 85' lang='lat' dir='ltr'><strong>fruitur.</strong></span> 
     </span>
    </p>

    <p class='ocr_par' dir='ltr' id='par_1_3' title="bbox 344 399 2045 1692">
     <span class='ocr_line' id='line_1_4' title="bbox 394 399 2044 446; baseline -0.001 -12"><span class='ocrx_word' id='word_1_29' title='bbox 394 406 497 446; x_wconf 85' lang='lat' dir='ltr'>Quae</span> <span class='ocrx_word' id='word_1_30' title='bbox 553 402 645 433; x_wconf 80' lang='lat' dir='ltr'>hanc</span> <span class='ocrx_word' id='word_1_31' title='bbox 693 400 883 445; x_wconf 87' lang='lat' dir='ltr'>periodum</span> <span class='ocrx_word' id='word_1_32' title='bbox 938 399 1131 432; x_wconf 82' lang='lat' dir='ltr'>subsecuta</span> <span class='ocrx_word' id='word_1_33' title='bbox 1186 406 1272 432; x_wconf 88' lang='lat' dir='ltr'>sunt</span> <span class='ocrx_word' id='word_1_34' title='bbox 1323 406 1513 445; x_wconf 84' lang='lat' dir='ltr'>tempora,</span> <span class='ocrx_word' id='word_1_35' title='bbox 1563 405 1606 432; x_wconf 90' lang='lat' dir='ltr'>ut</span> <span class='ocrx_word' id='word_1_36' title='bbox 1659 400 1736 432; x_wconf 84' lang='lat' dir='ltr'>aliis</span> <span class='ocrx_word' id='word_1_37' title='bbox 1788 400 1943 443; x_wconf 85' lang='lat' dir='ltr'>studiis,</span> <span class='ocrx_word' id='word_1_38' title='bbox 1993 401 2044 433; x_wconf 82' lang='lat' dir='ltr'>ita</span> 
     </span>
     <span class='ocr_line' id='line_1_5' title="bbox 352 463 2044 511; baseline -0.002 -10"><span class='ocrx_word' id='word_1_39' title='bbox 352 469 481 501; x_wconf 36' lang='lat' dir='ltr'>[literis</span> <span class='ocrx_word' id='word_1_40' title='bbox 544 468 590 501; x_wconf 91' lang='lat' dir='ltr'>O.</span> <span class='ocrx_word' id='word_1_41' title='bbox 651 466 697 500; x_wconf 87' lang='lat' dir='ltr'>O.</span> <span class='ocrx_word' id='word_1_42' title='bbox 757 467 928 511; x_wconf 84' lang='lat' dir='ltr'>privatim</span> <span class='ocrx_word' id='word_1_43' title='bbox 982 465 1212 498; x_wconf 82' lang='lat' dir='ltr'>instituendis</span> <span class='ocrx_word' id='word_1_44' title='bbox 1261 476 1394 509; x_wconf 86' lang='lat' dir='ltr'>parum</span> <span class='ocrx_word' id='word_1_45' title='bbox 1454 463 1633 499; x_wconf 83' lang='lat' dir='ltr'>favebant.</span> <span class='ocrx_word' id='word_1_46' title='bbox 1711 463 1889 507; x_wconf 80' lang='lat' dir='ltr'>Publica,</span> <span class='ocrx_word' id='word_1_47' title='bbox 1951 476 2044 508; x_wconf 85' lang='lat' dir='ltr'>quae</span> 
     </span>
     <span class='ocr_line' id='line_1_6' title="bbox 347 530 2045 575; baseline -0.002 -9"><span class='ocrx_word' id='word_1_48' title='bbox 347 542 432 567; x_wconf 81' lang='lat' dir='ltr'>tune</span> <span class='ocrx_word' id='word_1_49' title='bbox 463 540 564 566; x_wconf 83' lang='lat' dir='ltr'>ortae</span> <span class='ocrx_word' id='word_1_50' title='bbox 601 539 711 575; x_wconf 90' lang='lat' dir='ltr'>sunt,</span> <span class='ocrx_word' id='word_1_51' title='bbox 753 532 997 573; x_wconf 78' lang='lat' dir='ltr'>calamitates,</span> <span class='ocrx_word' id='word_1_52' title='bbox 1028 537 1139 574; x_wconf 85' lang='lat' dir='ltr'>atque</span> <span class='ocrx_word' id='word_1_53' title='bbox 1177 542 1235 563; x_wconf 89' lang='lat' dir='ltr'>res</span> <span class='ocrx_word' id='word_1_54' title='bbox 1265 542 1402 573; x_wconf 84' lang='lat' dir='ltr'>novae,</span> <span class='ocrx_word' id='word_1_55' title='bbox 1442 542 1598 574; x_wconf 85' lang='lat' dir='ltr'>quarum</span> <span class='ocrx_word' id='word_1_56' title='bbox 1637 530 1727 562; x_wconf 84' lang='lat' dir='ltr'>aliae</span> <span class='ocrx_word' id='word_1_57' title='bbox 1763 530 1842 563; x_wconf 87' lang='lat' dir='ltr'>aliis</span> <span class='ocrx_word' id='word_1_58' title='bbox 1864 535 2045 575; x_wconf 87' lang='lat' dir='ltr'>perpetuo</span> 
     </span>
     <span class='ocr_line' id='line_1_7' title="bbox 346 596 2043 640; baseline -0.002 -9"><span class='ocrx_word' id='word_1_59' title='bbox 346 600 604 640; x_wconf 68' lang='lat' dir='ltr'>succedebant,</span> <span class='ocrx_word' id='word_1_60' title='bbox 658 603 737 630; x_wconf 87' lang='lat' dir='ltr'>tum</span> <span class='ocrx_word' id='word_1_61' title='bbox 776 598 921 629; x_wconf 85' lang='lat' dir='ltr'>demum</span> <span class='ocrx_word' id='word_1_62' title='bbox 967 601 1071 628; x_wconf 86' lang='lat' dir='ltr'>erant</span> <span class='ocrx_word' id='word_1_63' title='bbox 1116 596 1362 640; x_wconf 84' lang='lat' dir='ltr'>compositae,</span> <span class='ocrx_word' id='word_1_64' title='bbox 1400 607 1514 640; x_wconf 86' lang='lat' dir='ltr'>quum</span> <span class='ocrx_word' id='word_1_65' title='bbox 1555 606 1774 628; x_wconf 71' lang='lat' dir='ltr'>IHMAKERUS</span> <span class='ocrx_word' id='word_1_66' title='bbox 1807 607 1901 628; x_wconf 85' lang='lat' dir='ltr'>anno</span> <span class='ocrx_word' id='word_1_67' title='bbox 1934 596 2043 628; x_wconf 87' lang='lat' dir='ltr'>huius</span> 
     </span>
     <span class='ocr_line' id='line_1_8' title="bbox 347 659 2043 708; baseline -0.003 -10"><span class='ocrx_word' id='word_1_68' title='bbox 347 666 457 698; x_wconf 80' lang='lat' dir='ltr'>seculi</span> <span class='ocrx_word' id='word_1_69' title='bbox 494 666 619 708; x_wconf 88' lang='lat' dir='ltr'>quinto</span> <span class='ocrx_word' id='word_1_70' title='bbox 652 664 787 695; x_wconf 88' lang='lat' dir='ltr'>decimo</span> <span class='ocrx_word' id='word_1_71' title='bbox 824 661 1051 706; x_wconf 81' lang='lat' dir='ltr'>Linguarum</span> <span class='ocrx_word' id='word_1_72' title='bbox 1088 661 1134 694; x_wconf 91' lang='lat' dir='ltr'>O.</span> <span class='ocrx_word' id='word_1_73' title='bbox 1171 662 1217 694; x_wconf 91' lang='lat' dir='ltr'>O.</span> <span class='ocrx_word' id='word_1_74' title='bbox 1252 662 1289 694; x_wconf 89' lang='lat' dir='ltr'>in</span> <span class='ocrx_word' id='word_1_75' title='bbox 1322 667 1447 694; x_wconf 78' lang='lat' dir='ltr'>nostro</span> <span class='ocrx_word' id='word_1_76' title='bbox 1474 659 1658 694; x_wconf 82' lang='lat' dir='ltr'>Athenaeo</span> <span class='ocrx_word' id='word_1_77' title='bbox 1686 661 1928 694; x_wconf 86' lang='lat' dir='ltr'>docendarum</span> <span class='ocrx_word' id='word_1_78' title='bbox 1952 673 2043 706; x_wconf 86' lang='lat' dir='ltr'>pro-</span> 
     </span>
     <span class='ocr_line' id='line_1_9' title="bbox 345 727 2043 774; baseline -0.003 -10"><span class='ocrx_word' id='word_1_79' title='bbox 345 732 497 765; x_wconf 61' lang='lat' dir='ltr'>vinciam</span> <span class='ocrx_word' id='word_1_80' title='bbox 554 730 766 774; x_wconf 84' lang='lat' dir='ltr'>susciperet.</span> <span class='ocrx_word' id='word_1_81' title='bbox 830 728 904 760; x_wconf 86' lang='lat' dir='ltr'>Per</span> <span class='ocrx_word' id='word_1_82' title='bbox 948 728 1015 760; x_wconf 88' lang='lat' dir='ltr'>hoe</span> <span class='ocrx_word' id='word_1_83' title='bbox 1063 728 1238 772; x_wconf 82' lang='lat' dir='ltr'>temporis</span> <span class='ocrx_word' id='word_1_84' title='bbox 1285 727 1518 761; x_wconf 87' lang='lat' dir='ltr'>intervallum</span> <span class='ocrx_word' id='word_1_85' title='bbox 1557 737 1810 759; x_wconf 80' lang='lat' dir='ltr'>scnROEDERUs</span> <span class='ocrx_word' id='word_1_86' title='bbox 1855 739 1961 759; x_wconf 88' lang='lat' dir='ltr'>suum</span> <span class='ocrx_word' id='word_1_87' title='bbox 2005 729 2043 760; x_wconf 89' lang='lat' dir='ltr'>iu</span> 
     </span>
     <span class='ocr_line' id='line_1_10' title="bbox 345 793 2040 838; baseline -0.001 -11"><span class='ocrx_word' id='word_1_88' title='bbox 345 797 589 829; x_wconf 73' lang='lat' dir='ltr'>Grammatico.</span> <span class='ocrx_word' id='word_1_89' title='bbox 642 794 810 827; x_wconf 77' lang='lat' dir='ltr'>Hebraea</span> <span class='ocrx_word' id='word_1_90' title='bbox 853 793 1103 838; x_wconf 80' lang='lat' dir='ltr'>principatum</span> <span class='ocrx_word' id='word_1_91' title='bbox 1145 793 1320 834; x_wconf 84' lang='lat' dir='ltr'>rctinuit3</span> <span class='ocrx_word' id='word_1_92' title='bbox 1361 798 1520 825; x_wconf 81' lang='lat' dir='ltr'>attamen</span> <span class='ocrx_word' id='word_1_93' title='bbox 1558 804 1632 824; x_wconf 88' lang='lat' dir='ltr'>non</span> <span class='ocrx_word' id='word_1_94' title='bbox 1667 793 1942 836; x_wconf 81' lang='lat' dir='ltr'>negligebantur</span> <span class='ocrx_word' id='word_1_95' title='bbox 1975 804 2040 835; x_wconf 80' lang='lat' dir='ltr'>ea,</span> 
     </span>
     <span class='ocr_line' id='line_1_11' title="bbox 346 858 2042 906; baseline -0.002 -13"><span class='ocrx_word' id='word_1_96' title='bbox 346 874 438 906; x_wconf 83' lang='lat' dir='ltr'>quae</span> <span class='ocrx_word' id='word_1_97' title='bbox 494 861 729 894; x_wconf 80' lang='lat' dir='ltr'>Grainmatici</span> <span class='ocrx_word' id='word_1_98' title='bbox 772 860 1042 892; x_wconf 84' lang='lat' dir='ltr'>Germanorum</span> <span class='ocrx_word' id='word_1_99' title='bbox 1077 859 1283 903; x_wconf 81' lang='lat' dir='ltr'>copiosius,</span> <span class='ocrx_word' id='word_1_100' title='bbox 1335 858 1586 900; x_wconf 78' lang='lat' dir='ltr'>enucleatius,</span> <span class='ocrx_word' id='word_1_101' title='bbox 1638 859 1842 890; x_wconf 81' lang='lat' dir='ltr'>accuratius</span> <span class='ocrx_word' id='word_1_102' title='bbox 1893 858 2042 890; x_wconf 82' lang='lat' dir='ltr'>subinde</span> 
     </span>
     <span class='ocr_line' id='line_1_12' title="bbox 344 924 2043 972; baseline -0.004 -11"><span class='ocrx_word' id='word_1_103' title='bbox 344 934 599 972; x_wconf 71' lang='lat' dir='ltr'>exposuerant.</span> <span class='ocrx_word' id='word_1_104' title='bbox 653 927 828 960; x_wconf 85' lang='lat' dir='ltr'>Futilium</span> <span class='ocrx_word' id='word_1_105' title='bbox 862 925 1177 969; x_wconf 83' lang='lat' dir='ltr'>Etymologiarum</span> <span class='ocrx_word' id='word_1_106' title='bbox 1212 924 1476 968; x_wconf 79' lang='lat' dir='ltr'>captandarum</span> <span class='ocrx_word' id='word_1_107' title='bbox 1503 924 1629 956; x_wconf 84' lang='lat' dir='ltr'>furore</span> <span class='ocrx_word' id='word_1_108' title='bbox 1655 924 1693 956; x_wconf 90' lang='lat' dir='ltr'>in</span> <span class='ocrx_word' id='word_1_109' title='bbox 1728 924 1802 956; x_wconf 87' lang='lat' dir='ltr'>dies</span> <span class='ocrx_word' id='word_1_110' title='bbox 1841 924 1951 968; x_wconf 76' lang='lat' dir='ltr'>magis</span> <span class='ocrx_word' id='word_1_111' title='bbox 1978 924 2043 956; x_wconf 86' lang='lat' dir='ltr'>de-</span> 
     </span>
     <span class='ocr_line' id='line_1_13' title="bbox 346 990 2044 1037; baseline -0.003 -11"><span class='ocrx_word' id='word_1_112' title='bbox 346 994 590 1035; x_wconf 66' lang='lat' dir='ltr'>fervescente,</span> <span class='ocrx_word' id='word_1_113' title='bbox 629 993 725 1026; x_wconf 80' lang='lat' dir='ltr'>haud</span> <span class='ocrx_word' id='word_1_114' title='bbox 764 993 895 1037; x_wconf 84' lang='lat' dir='ltr'>pauci,</span> <span class='ocrx_word' id='word_1_115' title='bbox 940 992 1051 1024; x_wconf 90' lang='lat' dir='ltr'>trium</span> <span class='ocrx_word' id='word_1_116' title='bbox 1086 1000 1317 1024; x_wconf 68' lang='lat' dir='ltr'>nucuAELIUM</span> <span class='ocrx_word' id='word_1_117' title='bbox 1361 990 1526 1035; x_wconf 78' lang='lat' dir='ltr'>exemplo</span> <span class='ocrx_word' id='word_1_118' title='bbox 1560 991 1723 1033; x_wconf 77' lang='lat' dir='ltr'>incitati,</span> <span class='ocrx_word' id='word_1_119' title='bbox 1761 991 1797 1022; x_wconf 90' lang='lat' dir='ltr'>in</span> <span class='ocrx_word' id='word_1_120' title='bbox 1834 990 2044 1035; x_wconf 78' lang='lat' dir='ltr'>explicando</span> 
     </span>
     <span class='ocr_line' id='line_1_14' title="bbox 346 1055 2043 1102; baseline -0.001 -10"><span class='ocrx_word' id='word_1_121' title='bbox 346 1059 393 1092; x_wconf 87' lang='lat' dir='ltr'>V.</span> <span class='ocrx_word' id='word_1_122' title='bbox 445 1060 515 1101; x_wconf 83' lang='lat' dir='ltr'>T.‚</span> <span class='ocrx_word' id='word_1_123' title='bbox 561 1072 643 1092; x_wconf 78' lang='lat' dir='ltr'>cuin</span> <span class='ocrx_word' id='word_1_124' title='bbox 694 1064 836 1092; x_wconf 64' lang='lat' dir='ltr'>veteres</span> <span class='ocrx_word' id='word_1_125' title='bbox 888 1057 1139 1101; x_wconf 84' lang='lat' dir='ltr'>Interpretes,</span> <span class='ocrx_word' id='word_1_126' title='bbox 1176 1069 1218 1090; x_wconf 84' lang='lat' dir='ltr'>ae</span> <span class='ocrx_word' id='word_1_127' title='bbox 1256 1058 1455 1102; x_wconf 82' lang='lat' dir='ltr'>praecipue</span> <span class='ocrx_word' id='word_1_128' title='bbox 1488 1055 1782 1098; x_wconf 80' lang='lat' dir='ltr'>Alexandrinos,</span> <span class='ocrx_word' id='word_1_129' title='bbox 1820 1061 1897 1088; x_wconf 79' lang='lat' dir='ltr'>tuin</span> <span class='ocrx_word' id='word_1_130' title='bbox 1936 1057 2043 1090; x_wconf 83' lang='lat' dir='ltr'>etiam</span> 
     </span>
     <span class='ocr_line' id='line_1_15' title="bbox 347 1120 2044 1168; baseline -0.002 -10"><span class='ocrx_word' id='word_1_131' title='bbox 347 1131 555 1158; x_wconf 68' lang='lat' dir='ltr'>contextum</span> <span class='ocrx_word' id='word_1_132' title='bbox 590 1131 625 1157; x_wconf 88' lang='lat' dir='ltr'>et</span> <span class='ocrx_word' id='word_1_133' title='bbox 660 1125 739 1157; x_wconf 88' lang='lat' dir='ltr'>loca</span> <span class='ocrx_word' id='word_1_134' title='bbox 771 1123 947 1168; x_wconf 81' lang='lat' dir='ltr'>parallela</span> <span class='ocrx_word' id='word_1_135' title='bbox 987 1123 1194 1167; x_wconf 83' lang='lat' dir='ltr'>diligentius</span> <span class='ocrx_word' id='word_1_136' title='bbox 1234 1123 1484 1156; x_wconf 81' lang='lat' dir='ltr'>consulebant.</span> <span class='ocrx_word' id='word_1_137' title='bbox 1548 1120 1622 1155; x_wconf 88' lang='lat' dir='ltr'>Alii</span> <span class='ocrx_word' id='word_1_138' title='bbox 1657 1132 1802 1166; x_wconf 87' lang='lat' dir='ltr'>quoque</span> <span class='ocrx_word' id='word_1_139' title='bbox 1835 1133 1918 1153; x_wconf 80' lang='lat' dir='ltr'>cuin</span> <span class='ocrx_word' id='word_1_140' title='bbox 1953 1132 2044 1155; x_wconf 85' lang='lat' dir='ltr'>eru-</span> 
     </span>
     <span class='ocr_line' id='line_1_16' title="bbox 344 1189 2041 1234; baseline -0.002 -11"><span class='ocrx_word' id='word_1_141' title='bbox 344 1192 416 1223; x_wconf 80' lang='lat' dir='ltr'>«lita</span> <span class='ocrx_word' id='word_1_142' title='bbox 461 1191 522 1223; x_wconf 84' lang='lat' dir='ltr'>illa</span> <span class='ocrx_word' id='word_1_143' title='bbox 566 1190 868 1234; x_wconf 76' lang='lat' dir='ltr'>interpretatione</span> <span class='ocrx_word' id='word_1_144' title='bbox 920 1189 1156 1233; x_wconf 80' lang='lat' dir='ltr'>elegantiores</span> <span class='ocrx_word' id='word_1_145' title='bbox 1207 1194 1243 1221; x_wconf 88' lang='lat' dir='ltr'>et</span> <span class='ocrx_word' id='word_1_146' title='bbox 1289 1189 1522 1233; x_wconf 84' lang='lat' dir='ltr'>philosophas</span> <span class='ocrx_word' id='word_1_147' title='bbox 1555 1197 1720 1220; x_wconf 58' lang='lat' dir='ltr'>neumam</span> <span class='ocrx_word' id='word_1_148' title='bbox 1755 1193 1790 1219; x_wconf 91' lang='lat' dir='ltr'>ct</span> <span class='ocrx_word' id='word_1_149' title='bbox 1827 1198 2041 1220; x_wconf 68' lang='lat' dir='ltr'>mcunolmu</span> 
     </span>
     <span class='ocr_line' id='line_1_17' title="bbox 346 1253 2042 1300; baseline -0.002 -11"><span class='ocrx_word' id='word_1_150' title='bbox 346 1257 502 1289; x_wconf 77' lang='lat' dir='ltr'>rationes</span> <span class='ocrx_word' id='word_1_151' title='bbox 548 1256 826 1300; x_wconf 76' lang='lat' dir='ltr'>coniungebant.</span> <span class='ocrx_word' id='word_1_152' title='bbox 905 1253 937 1287; x_wconf 82' lang='lat' dir='ltr'><strong>A</strong></span> <span class='ocrx_word' id='word_1_153' title='bbox 988 1254 1122 1286; x_wconf 78' lang='lat' dir='ltr'>Critiea</span> <span class='ocrx_word' id='word_1_154' title='bbox 1174 1254 1407 1297; x_wconf 86' lang='lat' dir='ltr'>Sublimiori,</span> <span class='ocrx_word' id='word_1_155' title='bbox 1449 1265 1542 1298; x_wconf 85' lang='lat' dir='ltr'>quae</span> <span class='ocrx_word' id='word_1_156' title='bbox 1587 1254 1740 1295; x_wconf 87' lang='lat' dir='ltr'>dicitur,</span> <span class='ocrx_word' id='word_1_157' title='bbox 1784 1263 1857 1285; x_wconf 87' lang='lat' dir='ltr'>non</span> <span class='ocrx_word' id='word_1_158' title='bbox 1897 1253 2042 1297; x_wconf 86' lang='lat' dir='ltr'>quidem</span> 
     </span>
     <span class='ocr_line' id='line_1_18' title="bbox 346 1318 2042 1364; baseline -0.001 -10"><span class='ocrx_word' id='word_1_159' title='bbox 346 1322 614 1364; x_wconf 81' lang='lat' dir='ltr'>abhorrebant,</span> <span class='ocrx_word' id='word_1_160' title='bbox 663 1322 725 1354; x_wconf 83' lang='lat' dir='ltr'>sed</span> <span class='ocrx_word' id='word_1_161' title='bbox 754 1321 953 1353; x_wconf 85' lang='lat' dir='ltr'>multorum</span> <span class='ocrx_word' id='word_1_162' title='bbox 989 1320 1137 1352; x_wconf 85' lang='lat' dir='ltr'>audacia</span> <span class='ocrx_word' id='word_1_163' title='bbox 1171 1326 1207 1353; x_wconf 87' lang='lat' dir='ltr'>et</span> <span class='ocrx_word' id='word_1_164' title='bbox 1246 1321 1431 1352; x_wconf 79' lang='lat' dir='ltr'>temeritas</span> <span class='ocrx_word' id='word_1_165' title='bbox 1470 1320 1522 1352; x_wconf 89' lang='lat' dir='ltr'>ita</span> <span class='ocrx_word' id='word_1_166' title='bbox 1550 1319 1851 1364; x_wconf 80' lang='lat' dir='ltr'>improbabatur,</span> <span class='ocrx_word' id='word_1_167' title='bbox 1888 1323 1931 1352; x_wconf 88' lang='lat' dir='ltr'>ut</span> <span class='ocrx_word' id='word_1_168' title='bbox 1959 1318 2042 1364; x_wconf 74' lang='lat' dir='ltr'>ple-</span> 
     </span>
     <span class='ocr_line' id='line_1_19' title="bbox 347 1386 2039 1432; baseline -0.001 -12"><span class='ocrx_word' id='word_1_169' title='bbox 347 1389 450 1432; x_wconf 87' lang='lat' dir='ltr'>rique</span> <span class='ocrx_word' id='word_1_170' title='bbox 492 1389 535 1421; x_wconf 89' lang='lat' dir='ltr'>ab</span> <span class='ocrx_word' id='word_1_171' title='bbox 583 1400 624 1420; x_wconf 74' lang='lat' dir='ltr'>ea</span> <span class='ocrx_word' id='word_1_172' title='bbox 667 1388 943 1421; x_wconf 81' lang='lat' dir='ltr'>deterrerentur</span> <span class='ocrx_word' id='word_1_173' title='bbox 993 1391 1031 1419; x_wconf 81' lang='lat' dir='ltr'>et</span> <span class='ocrx_word' id='word_1_174' title='bbox 1077 1397 1218 1419; x_wconf 89' lang='lat' dir='ltr'>summa</span> <span class='ocrx_word' id='word_1_175' title='bbox 1260 1388 1396 1431; x_wconf 82' lang='lat' dir='ltr'>pietate</span> <span class='ocrx_word' id='word_1_176' title='bbox 1444 1387 1570 1429; x_wconf 89' lang='lat' dir='ltr'>ducti,</span> <span class='ocrx_word' id='word_1_177' title='bbox 1620 1386 1861 1430; x_wconf 79' lang='lat' dir='ltr'>religiosiores</span> <span class='ocrx_word' id='word_1_178' title='bbox 1894 1391 2039 1428; x_wconf 85' lang='lat' dir='ltr'>essent,</span> 
     </span>
     <span class='ocr_line' id='line_1_20' title="bbox 348 1451 2043 1497; baseline 0 -13"><span class='ocrx_word' id='word_1_179' title='bbox 348 1465 456 1497; x_wconf 86' lang='lat' dir='ltr'>quam</span> <span class='ocrx_word' id='word_1_180' title='bbox 498 1460 539 1486; x_wconf 86' lang='lat' dir='ltr'>ut</span> <span class='ocrx_word' id='word_1_181' title='bbox 573 1454 608 1485; x_wconf 86' lang='lat' dir='ltr'>iu</span> <span class='ocrx_word' id='word_1_182' title='bbox 646 1465 724 1485; x_wconf 86' lang='lat' dir='ltr'>cam</span> <span class='ocrx_word' id='word_1_183' title='bbox 761 1453 1003 1496; x_wconf 84' lang='lat' dir='ltr'>inquirerent.</span> <span class='ocrx_word' id='word_1_184' title='bbox 1068 1451 1373 1496; x_wconf 83' lang='lat' dir='ltr'>Interpretationc</span> <span class='ocrx_word' id='word_1_185' title='bbox 1399 1458 1522 1485; x_wconf 81' lang='lat' dir='ltr'>tamen</span> <span class='ocrx_word' id='word_1_186' title='bbox 1552 1452 1693 1485; x_wconf 81' lang='lat' dir='ltr'>Codicis</span> <span class='ocrx_word' id='word_1_187' title='bbox 1731 1451 1890 1483; x_wconf 80' lang='lat' dir='ltr'>Hebraei</span> <span class='ocrx_word' id='word_1_188' title='bbox 1924 1451 2043 1484; x_wconf 84' lang='lat' dir='ltr'>omni-</span> 
     </span>
     <span class='ocr_line' id='line_1_21' title="bbox 348 1516 2042 1561; baseline 0 -11"><span class='ocrx_word' id='word_1_189' title='bbox 348 1532 407 1550; x_wconf 87' lang='lat' dir='ltr'>um</span> <span class='ocrx_word' id='word_1_190' title='bbox 429 1519 505 1551; x_wconf 83' lang='lat' dir='ltr'>sere</span> <span class='ocrx_word' id='word_1_191' title='bbox 538 1520 696 1552; x_wconf 84' lang='lat' dir='ltr'>studium</span> <span class='ocrx_word' id='word_1_192' title='bbox 728 1518 996 1551; x_wconf 79' lang='lat' dir='ltr'>absolvebatur.</span> <span class='ocrx_word' id='word_1_193' title='bbox 1063 1517 1219 1550; x_wconf 81' lang='lat' dir='ltr'>Dialecti</span> <span class='ocrx_word' id='word_1_194' title='bbox 1247 1519 1366 1550; x_wconf 84' lang='lat' dir='ltr'>minus</span> <span class='ocrx_word' id='word_1_195' title='bbox 1400 1517 1510 1561; x_wconf 75' lang='lat' dir='ltr'>vulgo</span> <span class='ocrx_word' id='word_1_196' title='bbox 1527 1542 1538 1560; x_wconf 92' lang='lat'>,</span> <span class='ocrx_word' id='word_1_197' title='bbox 1567 1529 1675 1561; x_wconf 83' lang='lat' dir='ltr'>quam</span> <span class='ocrx_word' id='word_1_198' title='bbox 1702 1523 1833 1559; x_wconf 77' lang='lat' dir='ltr'>antea,</span> <span class='ocrx_word' id='word_1_199' title='bbox 1859 1516 2042 1550; x_wconf 77' lang='lat' dir='ltr'>curaban-</span> 
     </span>
     <span class='ocr_line' id='line_1_22' title="bbox 350 1583 2042 1628; baseline 0.001 -13"><span class='ocrx_word' id='word_1_200' title='bbox 350 1591 436 1626; x_wconf 79' lang='lat' dir='ltr'>tur3</span> <span class='ocrx_word' id='word_1_201' title='bbox 472 1587 559 1628; x_wconf 92' lang='lat' dir='ltr'>quin</span> <span class='ocrx_word' id='word_1_202' title='bbox 598 1584 751 1617; x_wconf 70' lang='lat' dir='ltr'>Arabica</span> <span class='ocrx_word' id='word_1_203' title='bbox 786 1585 915 1626; x_wconf 75' lang='lat' dir='ltr'>etiam,</span> <span class='ocrx_word' id='word_1_204' title='bbox 949 1585 1020 1616; x_wconf 83' lang='lat' dir='ltr'>nisi</span> <span class='ocrx_word' id='word_1_205' title='bbox 1051 1584 1143 1616; x_wconf 88' lang='lat' dir='ltr'>hanc</span> <span class='ocrx_word' id='word_1_206' title='bbox 1179 1583 1419 1616; x_wconf 80' lang='lat' dir='ltr'>vindicassent</span> <span class='ocrx_word' id='word_1_207' title='bbox 1459 1595 1526 1615; x_wconf 84' lang='lat' dir='ltr'>sua</span> <span class='ocrx_word' id='word_1_208' title='bbox 1561 1584 1715 1626; x_wconf 80' lang='lat' dir='ltr'>quisque</span> <span class='ocrx_word' id='word_1_209' title='bbox 1750 1583 1889 1614; x_wconf 84' lang='lat' dir='ltr'>ratione</span> <span class='ocrx_word' id='word_1_210' title='bbox 1923 1592 2042 1616; x_wconf 74' lang='lat' dir='ltr'>WlLL—</span> 
     </span>
     <span class='ocr_line' id='line_1_23' title="bbox 350 1647 2039 1692; baseline -0.001 -10"><span class='ocrx_word' id='word_1_211' title='bbox 350 1661 465 1682; x_wconf 48' lang='lat' dir='ltr'>*utres</span> <span class='ocrx_word' id='word_1_212' title='bbox 484 1675 492 1692; x_wconf 85' lang='lat'>‚</span> <span class='ocrx_word' id='word_1_213' title='bbox 517 1661 765 1682; x_wconf 65' lang='lat' dir='ltr'>MUN&#39;HNGHIUS</span> <span class='ocrx_word' id='word_1_214' title='bbox 784 1675 793 1691; x_wconf 87' lang='lat'>,</span> <span class='ocrx_word' id='word_1_215' title='bbox 820 1659 999 1682; x_wconf 72' lang='lat' dir='ltr'>PARAVIFS</span> <span class='ocrx_word' id='word_1_216' title='bbox 1013 1673 1023 1691; x_wconf 92' lang='lat'>,</span> <span class='ocrx_word' id='word_1_217' title='bbox 1042 1660 1088 1681; x_wconf 88' lang='lat' dir='ltr'>ne</span> <span class='ocrx_word' id='word_1_218' title='bbox 1108 1649 1151 1681; x_wconf 85' lang='lat' dir='ltr'>de</span> <span class='ocrx_word' id='word_1_219' title='bbox 1172 1649 1254 1682; x_wconf 81' lang='lat' dir='ltr'>vivo</span> <span class='ocrx_word' id='word_1_220' title='bbox 1277 1658 1413 1681; x_wconf 52' lang='lat' dir='ltr'>11&amp;me</span> <span class='ocrx_word' id='word_1_221' title='bbox 1438 1648 1568 1691; x_wconf 87' lang='lat' dir='ltr'>loquar</span> <span class='ocrx_word' id='word_1_222' title='bbox 1585 1672 1595 1690; x_wconf 91' lang='lat'>,</span> <span class='ocrx_word' id='word_1_223' title='bbox 1614 1648 1749 1680; x_wconf 84' lang='lat' dir='ltr'>intaeta</span> <span class='ocrx_word' id='word_1_224' title='bbox 1767 1647 1842 1679; x_wconf 83' lang='lat' dir='ltr'>sere</span> <span class='ocrx_word' id='word_1_225' title='bbox 1861 1647 2039 1681; x_wconf 84' lang='lat' dir='ltr'>iacuisset.</span> 
     </span>
    </p>

    <p class='ocr_par' dir='ltr' id='par_1_4' title="bbox 349 1712 2045 1957">
     <span class='ocr_line' id='line_1_24' title="bbox 395 1712 2040 1759; baseline -0.001 -11"><span class='ocrx_word' id='word_1_226' title='bbox 395 1716 496 1749; x_wconf 80' lang='lat' dir='ltr'>Hace</span> <span class='ocrx_word' id='word_1_227' title='bbox 540 1717 733 1757; x_wconf 74' lang='lat' dir='ltr'>universe,</span> <span class='ocrx_word' id='word_1_228' title='bbox 787 1725 985 1747; x_wconf 65' lang='lat' dir='ltr'>mummio</span> <span class='ocrx_word' id='word_1_229' title='bbox 1032 1715 1262 1759; x_wconf 84' lang='lat' dir='ltr'>prodeunte,</span> <span class='ocrx_word' id='word_1_230' title='bbox 1307 1713 1517 1758; x_wconf 86' lang='lat' dir='ltr'>discipliuae</span> <span class='ocrx_word' id='word_1_231' title='bbox 1564 1718 1714 1745; x_wconf 85' lang='lat' dir='ltr'>nostrae</span> <span class='ocrx_word' id='word_1_232' title='bbox 1756 1712 1826 1744; x_wconf 85' lang='lat' dir='ltr'>suit</span> <span class='ocrx_word' id='word_1_233' title='bbox 1873 1713 2040 1746; x_wconf 83' lang='lat' dir='ltr'>conditio.</span> 
     </span>
     <span class='ocr_line' id='line_1_25' title="bbox 349 1777 2042 1825; baseline -0.001 -12"><span class='ocrx_word' id='word_1_234' title='bbox 349 1784 467 1824; x_wconf 84' lang='lat' dir='ltr'>Quam</span> <span class='ocrx_word' id='word_1_235' title='bbox 503 1787 544 1813; x_wconf 90' lang='lat' dir='ltr'>ut</span> <span class='ocrx_word' id='word_1_236' title='bbox 582 1781 750 1825; x_wconf 87' lang='lat' dir='ltr'>pluribus</span> <span class='ocrx_word' id='word_1_237' title='bbox 783 1780 1010 1822; x_wconf 81' lang='lat' dir='ltr'>describam,</span> <span class='ocrx_word' id='word_1_238' title='bbox 1044 1780 1294 1823; x_wconf 81' lang='lat' dir='ltr'>Virorumquc</span> <span class='ocrx_word' id='word_1_239' title='bbox 1329 1778 1532 1812; x_wconf 86' lang='lat' dir='ltr'>Doctorum</span> <span class='ocrx_word' id='word_1_240' title='bbox 1567 1780 1602 1811; x_wconf 88' lang='lat' dir='ltr'>in</span> <span class='ocrx_word' id='word_1_241' title='bbox 1639 1778 1702 1810; x_wconf 86' lang='lat' dir='ltr'>has</span> <span class='ocrx_word' id='word_1_242' title='bbox 1738 1777 1880 1810; x_wconf 79' lang='lat' dir='ltr'>Litcras</span> <span class='ocrx_word' id='word_1_243' title='bbox 1914 1780 2042 1812; x_wconf 79' lang='lat' dir='ltr'>merita</span> 
     </span>
     <span class='ocr_line' id='line_1_26' title="bbox 350 1844 2045 1890; baseline 0 -12"><span class='ocrx_word' id='word_1_244' title='bbox 350 1847 565 1890; x_wconf 76' lang='lat' dir='ltr'>significem,</span> <span class='ocrx_word' id='word_1_245' title='bbox 617 1852 653 1878; x_wconf 87' lang='lat' dir='ltr'>et</span> <span class='ocrx_word' id='word_1_246' title='bbox 700 1847 866 1880; x_wconf 71' lang='lat' dir='ltr'>vivorum</span> <span class='ocrx_word' id='word_1_247' title='bbox 912 1857 1105 1890; x_wconf 88' lang='lat' dir='ltr'>nuperque</span> <span class='ocrx_word' id='word_1_248' title='bbox 1149 1851 1378 1878; x_wconf 83' lang='lat' dir='ltr'>mortuorum</span> <span class='ocrx_word' id='word_1_249' title='bbox 1413 1845 1655 1887; x_wconf 77' lang='lat' dir='ltr'>verecundia,</span> <span class='ocrx_word' id='word_1_250' title='bbox 1695 1850 1730 1877; x_wconf 86' lang='lat' dir='ltr'>et</span> <span class='ocrx_word' id='word_1_251' title='bbox 1760 1856 1839 1877; x_wconf 78' lang='lat' dir='ltr'>nica</span> <span class='ocrx_word' id='word_1_252' title='bbox 1876 1844 2045 1889; x_wconf 83' lang='lat' dir='ltr'>prohibet</span> 
     </span>
     <span class='ocr_line' id='line_1_27' title="bbox 355 1910 2045 1957; baseline -0.001 -13"><span class='ocrx_word' id='word_1_253' title='bbox 355 1915 520 1945; x_wconf 73' lang='lat' dir='ltr'>tenuitas.</span> <span class='ocrx_word' id='word_1_254' title='bbox 575 1913 682 1945; x_wconf 84' lang='lat' dir='ltr'>Illum</span> <span class='ocrx_word' id='word_1_255' title='bbox 714 1913 838 1957; x_wconf 88' lang='lat' dir='ltr'>potius</span> <span class='ocrx_word' id='word_1_256' title='bbox 876 1912 1104 1945; x_wconf 86' lang='lat' dir='ltr'>attendamus</span> <span class='ocrx_word' id='word_1_257' title='bbox 1137 1911 1296 1954; x_wconf 83' lang='lat' dir='ltr'>Virum,</span> <span class='ocrx_word' id='word_1_258' title='bbox 1332 1912 1436 1945; x_wconf 90' lang='lat' dir='ltr'>cuius</span> <span class='ocrx_word' id='word_1_259' title='bbox 1475 1910 1692 1944; x_wconf 84' lang='lat' dir='ltr'>diiudicandi</span> <span class='ocrx_word' id='word_1_260' title='bbox 1725 1911 1840 1955; x_wconf 83' lang='lat' dir='ltr'>gratia</span> <span class='ocrx_word' id='word_1_261' title='bbox 1878 1911 2045 1956; x_wconf 85' lang='lat' dir='ltr'>superior</span> 
     </span>
    </p>
   </div>
   <div class='ocr_carea' id='block_1_3' title="bbox 354 1979 842 2023">
    <p class='ocr_par' dir='ltr' id='par_1_5' title="bbox 354 1979 842 2023">
     <span class='ocr_line' id='line_1_28' title="bbox 354 1979 842 2023; baseline -0.002 -12"><span class='ocrx_word' id='word_1_262' title='bbox 354 1980 519 2011; x_wconf 82' lang='lat' dir='ltr'>instituta</span> <span class='ocrx_word' id='word_1_263' title='bbox 543 1985 596 2011; x_wconf 72' lang='lat' dir='ltr'>est</span> <span class='ocrx_word' id='word_1_264' title='bbox 632 1979 842 2023; x_wconf 80' lang='lat' dir='ltr'>disputatio.</span> 
     </span>
    </p>
   </div>
   <div class='ocr_carea' id='block_1_4' title="bbox 359 2108 2048 2418">
    <p class='ocr_par' dir='ltr' id='par_1_6' title="bbox 359 2108 2048 2418">
     <span class='ocr_line' id='line_1_29' title="bbox 405 2108 2045 2154; baseline -0.002 -12"><span class='ocrx_word' id='word_1_265' title='bbox 405 2109 662 2152; x_wconf 47' lang='lat' dir='ltr'>Himxmws,</span> <span class='ocrx_word' id='word_1_266' title='bbox 703 2109 984 2153; x_wconf 80' lang='lat' dir='ltr'>Amstclodami,</span> <span class='ocrx_word' id='word_1_267' title='bbox 1020 2109 1083 2142; x_wconf 91' lang='lat' dir='ltr'>ubi</span> <span class='ocrx_word' id='word_1_268' title='bbox 1122 2115 1230 2142; x_wconf 86' lang='lat' dir='ltr'>natus</span> <span class='ocrx_word' id='word_1_269' title='bbox 1260 2115 1338 2142; x_wconf 83' lang='lat' dir='ltr'>erat</span> <span class='ocrx_word' id='word_1_270' title='bbox 1372 2120 1466 2141; x_wconf 78' lang='lat' dir='ltr'>anno</span> <span class='ocrx_word' id='word_1_271' title='bbox 1502 2109 1658 2154; x_wconf 77' lang='lat' dir='ltr'>proximi</span> <span class='ocrx_word' id='word_1_272' title='bbox 1693 2108 1806 2141; x_wconf 86' lang='lat' dir='ltr'>seculi</span> <span class='ocrx_word' id='word_1_273' title='bbox 1832 2108 2045 2151; x_wconf 83' lang='lat' dir='ltr'>octogesimo</span> 
     </span>
     <span class='ocr_line' id='line_1_30' title="bbox 359 2172 2046 2219; baseline -0.001 -12"><span class='ocrx_word' id='word_1_274' title='bbox 359 2188 476 2218; x_wconf 87' lang='lat' dir='ltr'>nono,</span> <span class='ocrx_word' id='word_1_275' title='bbox 520 2181 651 2208; x_wconf 76' lang='lat' dir='ltr'>sortem</span> <span class='ocrx_word' id='word_1_276' title='bbox 702 2181 828 2208; x_wconf 85' lang='lat' dir='ltr'>nactus</span> <span class='ocrx_word' id='word_1_277' title='bbox 876 2181 981 2218; x_wconf 80' lang='lat' dir='ltr'>erat,</span> <span class='ocrx_word' id='word_1_278' title='bbox 1033 2174 1185 2219; x_wconf 79' lang='lat' dir='ltr'>Linguis</span> <span class='ocrx_word' id='word_1_279' title='bbox 1230 2176 1277 2208; x_wconf 89' lang='lat' dir='ltr'>O.</span> <span class='ocrx_word' id='word_1_280' title='bbox 1317 2176 1363 2208; x_wconf 91' lang='lat' dir='ltr'>O.</span> <span class='ocrx_word' id='word_1_281' title='bbox 1401 2175 1557 2207; x_wconf 88' lang='lat' dir='ltr'>colendis</span> <span class='ocrx_word' id='word_1_282' title='bbox 1605 2174 1701 2207; x_wconf 85' lang='lat' dir='ltr'>haud</span> <span class='ocrx_word' id='word_1_283' title='bbox 1748 2173 1952 2206; x_wconf 85' lang='lat' dir='ltr'>secundam.</span> <span class='ocrx_word' id='word_1_284' title='bbox 2014 2172 2046 2206; x_wconf 84' lang='lat' dir='ltr'><strong>A</strong></span> 
     </span>
     <span class='ocr_line' id='line_1_31' title="bbox 360 2237 2047 2284; baseline -0.001 -11"><span class='ocrx_word' id='word_1_285' title='bbox 360 2241 576 2274; x_wconf 83' lang='lat' dir='ltr'>Parentibus</span> <span class='ocrx_word' id='word_1_286' title='bbox 621 2247 845 2274; x_wconf 80' lang='lat' dir='ltr'>mercaturae</span> <span class='ocrx_word' id='word_1_287' title='bbox 892 2242 1119 2284; x_wconf 83' lang='lat' dir='ltr'>destinatus,</span> <span class='ocrx_word' id='word_1_288' title='bbox 1162 2241 1217 2273; x_wconf 81' lang='lat' dir='ltr'>his</span> <span class='ocrx_word' id='word_1_289' title='bbox 1261 2240 1337 2273; x_wconf 85' lang='lat' dir='ltr'>scre</span> <span class='ocrx_word' id='word_1_290' title='bbox 1386 2241 1508 2275; x_wconf 80' lang='lat' dir='ltr'>invitis</span> <span class='ocrx_word' id='word_1_291' title='bbox 1552 2241 1595 2274; x_wconf 91' lang='lat' dir='ltr'>ad</span> <span class='ocrx_word' id='word_1_292' title='bbox 1640 2239 1864 2272; x_wconf 84' lang='lat' dir='ltr'>Graecarum</span> <span class='ocrx_word' id='word_1_293' title='bbox 1894 2237 2047 2271; x_wconf 83' lang='lat' dir='ltr'>Latina—-</span> 
     </span>
     <span class='ocr_line' id='line_1_32' title="bbox 361 2305 2048 2352; baseline -0.002 -13"><span class='ocrx_word' id='word_1_294' title='bbox 361 2320 513 2352; x_wconf 84' lang='lat' dir='ltr'>rumque</span> <span class='ocrx_word' id='word_1_295' title='bbox 546 2308 754 2340; x_wconf 86' lang='lat' dir='ltr'>Litcrarum</span> <span class='ocrx_word' id='word_1_296' title='bbox 784 2308 901 2340; x_wconf 84' lang='lat' dir='ltr'>studia</span> <span class='ocrx_word' id='word_1_297' title='bbox 933 2309 1072 2342; x_wconf 84' lang='lat' dir='ltr'>iuvenis</span> <span class='ocrx_word' id='word_1_298' title='bbox 1102 2308 1245 2340; x_wconf 85' lang='lat' dir='ltr'>demum</span> <span class='ocrx_word' id='word_1_299' title='bbox 1278 2308 1453 2350; x_wconf 83' lang='lat' dir='ltr'>accessit,</span> <span class='ocrx_word' id='word_1_300' title='bbox 1476 2306 1717 2349; x_wconf 77' lang='lat' dir='ltr'>fortunaeque</span> <span class='ocrx_word' id='word_1_301' title='bbox 1737 2305 1964 2349; x_wconf 85' lang='lat' dir='ltr'>iniquitatem</span> <span class='ocrx_word' id='word_1_302' title='bbox 1988 2305 2048 2337; x_wconf 91' lang='lat' dir='ltr'>in-</span> 
     </span>
     <span class='ocr_line' id='line_1_33' title="bbox 362 2368 2047 2418; baseline -0.001 -15"><span class='ocrx_word' id='word_1_303' title='bbox 362 2374 519 2407; x_wconf 82' lang='lat' dir='ltr'>credibili</span> <span class='ocrx_word' id='word_1_304' title='bbox 567 2374 743 2407; x_wconf 63' lang='lat' dir='ltr'>iudustria</span> <span class='ocrx_word' id='word_1_305' title='bbox 795 2375 991 2418; x_wconf 84' lang='lat' dir='ltr'>superavit.</span> <span class='ocrx_word' id='word_1_306' title='bbox 1045 2374 1087 2406; x_wconf 89' lang='lat' dir='ltr'>In</span> <span class='ocrx_word' id='word_1_307' title='bbox 1125 2374 1284 2407; x_wconf 84' lang='lat' dir='ltr'>Graecas</span> <span class='ocrx_word' id='word_1_308' title='bbox 1320 2379 1440 2406; x_wconf 79' lang='lat' dir='ltr'>autem</span> <span class='ocrx_word' id='word_1_309' title='bbox 1474 2372 1697 2416; x_wconf 81' lang='lat' dir='ltr'>Latinasque</span> <span class='ocrx_word' id='word_1_310' title='bbox 1732 2370 1942 2404; x_wconf 86' lang='lat' dir='ltr'>incumbens</span> <span class='ocrx_word' id='word_1_311' title='bbox 1980 2368 2047 2401; x_wconf 87' lang='lat' dir='ltr'>Li-</span> 
     </span>
    </p>
   </div>
   <div class='ocr_carea' id='block_1_5' title="bbox 368 2435 2046 2485">
    <p class='ocr_par' dir='ltr' id='par_1_7' title="bbox 368 2435 2046 2485">
     <span class='ocr_line' id='line_1_34' title="bbox 368 2435 2046 2485; baseline -0.002 -15"><span class='ocrx_word' id='word_1_312' title='bbox 368 2444 485 2481; x_wconf 76' lang='lat' dir='ltr'>tcras,</span> <span class='ocrx_word' id='word_1_313' title='bbox 536 2452 659 2473; x_wconf 85' lang='lat' dir='ltr'>earum</span> <span class='ocrx_word' id='word_1_314' title='bbox 700 2451 821 2473; x_wconf 85' lang='lat' dir='ltr'>amore</span> <span class='ocrx_word' id='word_1_315' title='bbox 866 2439 919 2472; x_wconf 87' lang='lat' dir='ltr'>Cl.</span> <span class='ocrx_word' id='word_1_316' title='bbox 968 2451 1148 2473; x_wconf 59' lang='lat' dir='ltr'>Lexxnmo</span> <span class='ocrx_word' id='word_1_317' title='bbox 1184 2440 1274 2473; x_wconf 85' lang='lat' dir='ltr'>duee</span> <span class='ocrx_word' id='word_1_318' title='bbox 1320 2444 1448 2485; x_wconf 86' lang='lat' dir='ltr'>captus</span> <span class='ocrx_word' id='word_1_319' title='bbox 1493 2439 1637 2484; x_wconf 86' lang='lat' dir='ltr'>quidem</span> <span class='ocrx_word' id='word_1_320' title='bbox 1680 2444 1715 2471; x_wconf 88' lang='lat' dir='ltr'>et</span> <span class='ocrx_word' id='word_1_321' title='bbox 1751 2437 1853 2472; x_wconf 83' lang='lat' dir='ltr'>brevi</span> <span class='ocrx_word' id='word_1_322' title='bbox 1889 2435 2046 2469; x_wconf 80' lang='lat' dir='ltr'>imbutus</span> 
     </span>
    </p>
   </div>
  </div>
 </body>
</html>
