<?xml version="1.0" encoding="UTF-8"?>
<!DOCTYPE html PUBLIC "-//W3C//DTD XHTML 1.0 Transitional//EN"
    "http://www.w3.org/TR/xhtml1/DTD/xhtml1-transitional.dtd">
<html xmlns="http://www.w3.org/1999/xhtml" xml:lang="en" lang="en">
 <head>
  <title>
</title>
<meta http-equiv="Content-Type" content="text/html;charset=utf-8" />
  <meta name='ocr-system' content='tesseract 3.04.00' />
  <meta name='ocr-capabilities' content='ocr_page ocr_carea ocr_par ocr_line ocrx_word'/>
</head>
<body>
  <div class='ocr_page' id='page_1' title='image "./oratiodehenricoa00juynuoft_0041.png"; bbox 0 0 2196 2950; ppageno 0'>
   <div class='ocr_carea' id='block_1_1' title="bbox 708 144 1782 183">
    <p class='ocr_par' dir='ltr' id='par_1_1' title="bbox 708 144 1782 183">
     <span class='ocr_line' id='line_1_1' title="bbox 708 144 1782 183; baseline -0.007 0"><span class='ocrx_word' id='word_1_1' title='bbox 708 147 1153 183; x_wconf 72' lang='lat' dir='ltr'>ORATIO.</span> <span class='ocrx_word' id='word_1_2' title='bbox 1730 144 1782 175; x_wconf 78' lang='lat'>3⁷</span> 
     </span>
    </p>
   </div>
   <div class='ocr_carea' id='block_1_2' title="bbox 83 259 1786 2398">
    <p class='ocr_par' dir='ltr' id='par_1_2' title="bbox 83 259 1784 1021">
     <span class='ocr_line' id='line_1_2' title="bbox 89 259 1777 305; baseline -0.002 -12"><span class='ocrx_word' id='word_1_3' title='bbox 89 272 238 305; x_wconf 83' lang='lat' dir='ltr'>eamque</span> <span class='ocrx_word' id='word_1_4' title='bbox 280 259 452 305; x_wconf 84' lang='lat' dir='ltr'>temporis</span> <span class='ocrx_word' id='word_1_5' title='bbox 498 259 655 292; x_wconf 81' lang='lat' dir='ltr'>decursu</span> <span class='ocrx_word' id='word_1_6' title='bbox 688 261 914 293; x_wconf 80' lang='lat' dir='ltr'>immutatam</span> <span class='ocrx_word' id='word_1_7' title='bbox 956 261 1069 294; x_wconf 81' lang='lat' dir='ltr'>oculis</span> <span class='ocrx_word' id='word_1_8' title='bbox 1103 260 1269 301; x_wconf 83' lang='lat' dir='ltr'>exhibet,</span> <span class='ocrx_word' id='word_1_9' title='bbox 1300 259 1444 301; x_wconf 79' lang='lat' dir='ltr'>privum</span> <span class='ocrx_word' id='word_1_10' title='bbox 1479 259 1656 302; x_wconf 79' lang='lat' dir='ltr'>cuiusque</span> <span class='ocrx_word' id='word_1_11' title='bbox 1687 269 1777 301; x_wconf 77' lang='lat' dir='ltr'>gen—</span> 
     </span>
     <span class='ocr_line' id='line_1_3' title="bbox 83 323 1777 368; baseline -0.002 -10"><span class='ocrx_word' id='word_1_12' title='bbox 83 327 134 358; x_wconf 86' lang='lat' dir='ltr'>tis</span> <span class='ocrx_word' id='word_1_13' title='bbox 180 327 449 366; x_wconf 83' lang='lat' dir='ltr'>characterem,</span> <span class='ocrx_word' id='word_1_14' title='bbox 495 324 699 367; x_wconf 74' lang='lat' dir='ltr'>ingeniique</span> <span class='ocrx_word' id='word_1_15' title='bbox 745 324 892 356; x_wconf 81' lang='lat' dir='ltr'>humani</span> <span class='ocrx_word' id='word_1_16' title='bbox 941 335 1156 368; x_wconf 78' lang='lat' dir='ltr'>progressus</span> <span class='ocrx_word' id='word_1_17' title='bbox 1195 323 1301 355; x_wconf 84' lang='lat' dir='ltr'>simul</span> <span class='ocrx_word' id='word_1_18' title='bbox 1338 324 1483 357; x_wconf 86' lang='lat' dir='ltr'>indicat.</span> <span class='ocrx_word' id='word_1_19' title='bbox 1536 324 1777 368; x_wconf 78' lang='lat' dir='ltr'>Cognatarum</span> 
     </span>
     <span class='ocr_line' id='line_1_4' title="bbox 90 388 1779 435; baseline -0.001 -12"><span class='ocrx_word' id='word_1_20' title='bbox 90 390 293 435; x_wconf 84' lang='lat' dir='ltr'>linguarum</span> <span class='ocrx_word' id='word_1_21' title='bbox 330 388 555 431; x_wconf 89' lang='lat' dir='ltr'>communio,</span> <span class='ocrx_word' id='word_1_22' title='bbox 589 399 682 432; x_wconf 88' lang='lat' dir='ltr'>quae</span> <span class='ocrx_word' id='word_1_23' title='bbox 714 388 808 421; x_wconf 85' lang='lat' dir='ltr'>inter</span> <span class='ocrx_word' id='word_1_24' title='bbox 834 388 1015 433; x_wconf 86' lang='lat' dir='ltr'>populos,</span> <span class='ocrx_word' id='word_1_25' title='bbox 1049 388 1165 432; x_wconf 83' lang='lat' dir='ltr'>spatio</span> <span class='ocrx_word' id='word_1_26' title='bbox 1196 388 1368 420; x_wconf 79' lang='lat' dir='ltr'>immenso</span> <span class='ocrx_word' id='word_1_27' title='bbox 1398 400 1494 420; x_wconf 86' lang='lat' dir='ltr'>nuuc</span> <span class='ocrx_word' id='word_1_28' title='bbox 1519 401 1539 421; x_wconf 92' lang='lat' dir='ltr'>a</span> <span class='ocrx_word' id='word_1_29' title='bbox 1564 400 1600 421; x_wconf 83' lang='lat' dir='ltr'>se</span> <span class='ocrx_word' id='word_1_30' title='bbox 1629 389 1779 421; x_wconf 84' lang='lat' dir='ltr'>invicem</span> 
     </span>
     <span class='ocr_line' id='line_1_5' title="bbox 88 454 1779 497; baseline -0.001 -10"><span class='ocrx_word' id='word_1_31' title='bbox 88 455 305 497; x_wconf 82' lang='lat' dir='ltr'>disiunctos,</span> <span class='ocrx_word' id='word_1_32' title='bbox 350 454 537 496; x_wconf 90' lang='lat' dir='ltr'>cernitur,</span> <span class='ocrx_word' id='word_1_33' title='bbox 574 465 797 486; x_wconf 88' lang='lat' dir='ltr'>communem</span> <span class='ocrx_word' id='word_1_34' title='bbox 839 458 959 486; x_wconf 88' lang='lat' dir='ltr'>tamen</span> <span class='ocrx_word' id='word_1_35' title='bbox 992 454 1122 487; x_wconf 86' lang='lat' dir='ltr'>horum</span> <span class='ocrx_word' id='word_1_36' title='bbox 1153 458 1275 486; x_wconf 86' lang='lat' dir='ltr'>ortum</span> <span class='ocrx_word' id='word_1_37' title='bbox 1308 458 1590 486; x_wconf 72' lang='lat' dir='ltr'>commonstrat:</span> <span class='ocrx_word' id='word_1_38' title='bbox 1640 455 1779 487; x_wconf 76' lang='lat' dir='ltr'>diversa</span> 
     </span>
     <span class='ocr_line' id='line_1_6' title="bbox 90 517 1778 563; baseline -0.001 -11"><span class='ocrx_word' id='word_1_39' title='bbox 90 531 212 553; x_wconf 85' lang='lat' dir='ltr'>carum</span> <span class='ocrx_word' id='word_1_40' title='bbox 263 519 469 563; x_wconf 80' lang='lat' dir='ltr'>linguarum</span> <span class='ocrx_word' id='word_1_41' title='bbox 509 518 606 550; x_wconf 88' lang='lat' dir='ltr'>inter</span> <span class='ocrx_word' id='word_1_42' title='bbox 646 517 710 551; x_wconf 85' lang='lat' dir='ltr'>hos</span> <span class='ocrx_word' id='word_1_43' title='bbox 749 519 903 552; x_wconf 90' lang='lat' dir='ltr'>conditio</span> <span class='ocrx_word' id='word_1_44' title='bbox 951 524 1112 561; x_wconf 78' lang='lat' dir='ltr'>sortem,</span> <span class='ocrx_word' id='word_1_45' title='bbox 1165 530 1256 562; x_wconf 89' lang='lat' dir='ltr'>quae</span> <span class='ocrx_word' id='word_1_46' title='bbox 1285 518 1327 551; x_wconf 87' lang='lat' dir='ltr'>iis</span> <span class='ocrx_word' id='word_1_47' title='bbox 1360 517 1528 562; x_wconf 81' lang='lat' dir='ltr'>deinceps</span> <span class='ocrx_word' id='word_1_48' title='bbox 1564 519 1778 561; x_wconf 68' lang='lat' dir='ltr'>contigerit,</span> 
     </span>
     <span class='ocr_line' id='line_1_7' title="bbox 89 582 1780 629; baseline -0.001 -13"><span class='ocrx_word' id='word_1_49' title='bbox 89 585 267 618; x_wconf 86' lang='lat' dir='ltr'>diversam</span> <span class='ocrx_word' id='word_1_50' title='bbox 315 583 469 628; x_wconf 88' lang='lat' dir='ltr'>probat,</span> <span class='ocrx_word' id='word_1_51' title='bbox 522 584 803 627; x_wconf 87' lang='lat' dir='ltr'>eorumdemque</span> <span class='ocrx_word' id='word_1_52' title='bbox 845 584 957 617; x_wconf 79' lang='lat' dir='ltr'>tradit</span> <span class='ocrx_word' id='word_1_53' title='bbox 1001 583 1255 629; x_wconf 78' lang='lat' dir='ltr'>migrationes,</span> <span class='ocrx_word' id='word_1_54' title='bbox 1306 582 1556 626; x_wconf 85' lang='lat' dir='ltr'>antiquissimo</span> <span class='ocrx_word' id='word_1_55' title='bbox 1603 593 1690 615; x_wconf 87' lang='lat' dir='ltr'>aevo</span> <span class='ocrx_word' id='word_1_56' title='bbox 1723 583 1780 614; x_wconf 75' lang='lat' dir='ltr'>iu-</span> 
     </span>
     <span class='ocr_line' id='line_1_8' title="bbox 88 646 1781 692; baseline 0 -12"><span class='ocrx_word' id='word_1_57' title='bbox 88 650 263 691; x_wconf 84' lang='lat' dir='ltr'>stitutas,</span> <span class='ocrx_word' id='word_1_58' title='bbox 311 659 465 692; x_wconf 87' lang='lat' dir='ltr'>quarum</span> <span class='ocrx_word' id='word_1_59' title='bbox 516 660 588 681; x_wconf 90' lang='lat' dir='ltr'>non</span> <span class='ocrx_word' id='word_1_60' title='bbox 637 649 673 681; x_wconf 90' lang='lat' dir='ltr'>in</span> <span class='ocrx_word' id='word_1_61' title='bbox 709 649 883 692; x_wconf 86' lang='lat' dir='ltr'>historia,</span> <span class='ocrx_word' id='word_1_62' title='bbox 921 661 967 682; x_wconf 89' lang='lat' dir='ltr'>ne</span> <span class='ocrx_word' id='word_1_63' title='bbox 1001 650 1038 682; x_wconf 89' lang='lat' dir='ltr'>in</span> <span class='ocrx_word' id='word_1_64' title='bbox 1074 648 1268 681; x_wconf 77' lang='lat' dir='ltr'>traditione</span> <span class='ocrx_word' id='word_1_65' title='bbox 1303 647 1468 691; x_wconf 85' lang='lat' dir='ltr'>quidem,</span> <span class='ocrx_word' id='word_1_66' title='bbox 1503 646 1578 679; x_wconf 89' lang='lat' dir='ltr'>ulla</span> <span class='ocrx_word' id='word_1_67' title='bbox 1610 648 1781 680; x_wconf 81' lang='lat' dir='ltr'>memoria</span> 
     </span>
     <span class='ocr_line' id='line_1_9' title="bbox 88 711 1781 758; baseline -0.002 -12"><span class='ocrx_word' id='word_1_68' title='bbox 88 719 268 747; x_wconf 82' lang='lat' dir='ltr'>servatur.</span> <span class='ocrx_word' id='word_1_69' title='bbox 306 733 354 738; x_wconf 92' lang='lat'>—-</span> <span class='ocrx_word' id='word_1_70' title='bbox 391 713 463 757; x_wconf 90' lang='lat' dir='ltr'>Hi,</span> <span class='ocrx_word' id='word_1_71' title='bbox 504 712 569 746; x_wconf 83' lang='lat' dir='ltr'>A.l</span> <span class='ocrx_word' id='word_1_72' title='bbox 604 726 646 746; x_wconf 82' lang='lat' dir='ltr'>ex</span> <span class='ocrx_word' id='word_1_73' title='bbox 678 714 902 758; x_wconf 87' lang='lat' dir='ltr'>reliquarum</span> <span class='ocrx_word' id='word_1_74' title='bbox 944 714 990 748; x_wconf 90' lang='lat' dir='ltr'>O.</span> <span class='ocrx_word' id='word_1_75' title='bbox 1024 713 1070 747; x_wconf 87' lang='lat' dir='ltr'>O.</span> <span class='ocrx_word' id='word_1_76' title='bbox 1109 713 1317 757; x_wconf 77' lang='lat' dir='ltr'>linguarum</span> <span class='ocrx_word' id='word_1_77' title='bbox 1343 712 1495 753; x_wconf 79' lang='lat' dir='ltr'>Studio,</span> <span class='ocrx_word' id='word_1_78' title='bbox 1522 711 1558 743; x_wconf 84' lang='lat' dir='ltr'>hi</span> <span class='ocrx_word' id='word_1_79' title='bbox 1585 723 1629 743; x_wconf 75' lang='lat' dir='ltr'>ex</span> <span class='ocrx_word' id='word_1_80' title='bbox 1656 723 1781 744; x_wconf 78' lang='lat' dir='ltr'>earum</span> 
     </span>
     <span class='ocr_line' id='line_1_10' title="bbox 87 776 1781 822; baseline -0.001 -12"><span class='ocrx_word' id='word_1_81' title='bbox 87 790 168 811; x_wconf 88' lang='lat' dir='ltr'>cum</span> <span class='ocrx_word' id='word_1_82' title='bbox 203 778 282 811; x_wconf 84' lang='lat' dir='ltr'>aliis</span> <span class='ocrx_word' id='word_1_83' title='bbox 307 778 439 822; x_wconf 79' lang='lat' dir='ltr'>linguis</span> <span class='ocrx_word' id='word_1_84' title='bbox 468 779 658 811; x_wconf 79' lang='lat' dir='ltr'>collatione</span> <span class='ocrx_word' id='word_1_85' title='bbox 689 779 831 812; x_wconf 81' lang='lat' dir='ltr'>fructus</span> <span class='ocrx_word' id='word_1_86' title='bbox 859 779 1135 821; x_wconf 89' lang='lat' dir='ltr'>redundabunt,</span> <span class='ocrx_word' id='word_1_87' title='bbox 1170 790 1209 811; x_wconf 89' lang='lat' dir='ltr'>ac</span> <span class='ocrx_word' id='word_1_88' title='bbox 1230 779 1322 820; x_wconf 90' lang='lat' dir='ltr'>iam,</span> <span class='ocrx_word' id='word_1_89' title='bbox 1354 777 1518 820; x_wconf 84' lang='lat' dir='ltr'>quamvis</span> <span class='ocrx_word' id='word_1_90' title='bbox 1538 776 1671 809; x_wconf 84' lang='lat' dir='ltr'>ultimis</span> <span class='ocrx_word' id='word_1_91' title='bbox 1698 783 1781 809; x_wconf 88' lang='lat' dir='ltr'>tan—</span> 
     </span>
     <span class='ocr_line' id='line_1_11' title="bbox 87 841 1783 889; baseline -0.001 -14"><span class='ocrx_word' id='word_1_92' title='bbox 87 849 165 876; x_wconf 82' lang='lat' dir='ltr'>tum</span> <span class='ocrx_word' id='word_1_93' title='bbox 189 843 292 876; x_wconf 87' lang='lat' dir='ltr'>lineis</span> <span class='ocrx_word' id='word_1_94' title='bbox 314 844 375 876; x_wconf 91' lang='lat' dir='ltr'>illa</span> <span class='ocrx_word' id='word_1_95' title='bbox 403 844 583 889; x_wconf 88' lang='lat' dir='ltr'>descripta</span> <span class='ocrx_word' id='word_1_96' title='bbox 612 855 688 877; x_wconf 89' lang='lat' dir='ltr'>esse</span> <span class='ocrx_word' id='word_1_97' title='bbox 710 845 922 888; x_wconf 85' lang='lat' dir='ltr'>videantur,</span> <span class='ocrx_word' id='word_1_98' title='bbox 957 844 1212 889; x_wconf 86' lang='lat' dir='ltr'>percipiuntur</span> <span class='ocrx_word' id='word_1_99' title='bbox 1237 841 1513 886; x_wconf 80' lang='lat' dir='ltr'>quodammodo.</span> <span class='ocrx_word' id='word_1_100' title='bbox 1564 841 1698 874; x_wconf 79' lang='lat' dir='ltr'>Fervet</span> <span class='ocrx_word' id='word_1_101' title='bbox 1725 847 1783 874; x_wconf 89' lang='lat' dir='ltr'>ta—</span> 
     </span>
     <span class='ocr_line' id='line_1_12' title="bbox 85 906 1784 954; baseline -0.002 -13"><span class='ocrx_word' id='word_1_102' title='bbox 85 919 166 941; x_wconf 88' lang='lat' dir='ltr'>men</span> <span class='ocrx_word' id='word_1_103' title='bbox 187 908 351 941; x_wconf 89' lang='lat' dir='ltr'>Studium</span> <span class='ocrx_word' id='word_1_104' title='bbox 367 934 376 951; x_wconf 93' lang='lat'>,</span> <span class='ocrx_word' id='word_1_105' title='bbox 391 914 427 942; x_wconf 90' lang='lat' dir='ltr'>et</span> <span class='ocrx_word' id='word_1_106' title='bbox 443 921 514 953; x_wconf 91' lang='lat' dir='ltr'>quo</span> <span class='ocrx_word' id='word_1_107' title='bbox 539 910 663 954; x_wconf 85' lang='lat' dir='ltr'>plures</span> <span class='ocrx_word' id='word_1_108' title='bbox 681 911 765 943; x_wconf 91' lang='lat' dir='ltr'>huic</span> <span class='ocrx_word' id='word_1_109' title='bbox 791 922 828 943; x_wconf 89' lang='lat' dir='ltr'>se</span> <span class='ocrx_word' id='word_1_110' title='bbox 853 910 993 953; x_wconf 83' lang='lat' dir='ltr'>dicent,</span> <span class='ocrx_word' id='word_1_111' title='bbox 1010 910 1105 942; x_wconf 86' lang='lat' dir='ltr'>iusta</span> <span class='ocrx_word' id='word_1_112' title='bbox 1122 908 1324 941; x_wconf 82' lang='lat' dir='ltr'>eruditione</span> <span class='ocrx_word' id='word_1_113' title='bbox 1340 906 1493 951; x_wconf 87' lang='lat' dir='ltr'>praediti</span> <span class='ocrx_word' id='word_1_114' title='bbox 1510 931 1519 948; x_wconf 92' lang='lat'>,</span> <span class='ocrx_word' id='word_1_115' title='bbox 1535 911 1570 938; x_wconf 91' lang='lat' dir='ltr'>et</span> <span class='ocrx_word' id='word_1_116' title='bbox 1598 918 1678 939; x_wconf 78' lang='lat' dir='ltr'>vero</span> <span class='ocrx_word' id='word_1_117' title='bbox 1693 918 1784 939; x_wconf 70' lang='lat' dir='ltr'>ara-</span> 
     </span>
     <span class='ocr_line' id='line_1_13' title="bbox 86 971 1779 1021; baseline 0 -17"><span class='ocrx_word' id='word_1_118' title='bbox 86 973 197 1017; x_wconf 82' lang='lat' dir='ltr'>logiae</span> <span class='ocrx_word' id='word_1_119' title='bbox 219 973 526 1018; x_wconf 84' lang='lat' dir='ltr'>etymologiaeque</span> <span class='ocrx_word' id='word_1_120' title='bbox 550 987 657 1008; x_wconf 82' lang='grc'><strong>3011311</strong></span> <span class='ocrx_word' id='word_1_121' title='bbox 679 975 808 1009; x_wconf 84' lang='lat' dir='ltr'>imbuti</span> <span class='ocrx_word' id='word_1_122' title='bbox 824 1002 834 1019; x_wconf 91' lang='lat'>,</span> <span class='ocrx_word' id='word_1_123' title='bbox 853 988 894 1008; x_wconf 88' lang='lat' dir='ltr'>eo</span> <span class='ocrx_word' id='word_1_124' title='bbox 916 974 1105 1021; x_wconf 85' lang='lat' dir='ltr'>pulchrior</span> <span class='ocrx_word' id='word_1_125' title='bbox 1129 973 1321 1017; x_wconf 88' lang='lat' dir='ltr'>aliquando</span> <span class='ocrx_word' id='word_1_126' title='bbox 1344 976 1560 1017; x_wconf 85' lang='lat' dir='ltr'>prospectus</span> <span class='ocrx_word' id='word_1_127' title='bbox 1584 971 1779 1005; x_wconf 74' lang='lat' dir='ltr'>illucescet.</span> 
     </span>
    </p>

    <p class='ocr_par' dir='ltr' id='par_1_3' title="bbox 86 1037 1786 2398">
     <span class='ocr_line' id='line_1_14' title="bbox 135 1037 1783 1085; baseline 0.001 -15"><span class='ocrx_word' id='word_1_128' title='bbox 135 1037 228 1071; x_wconf 83' lang='lat' dir='ltr'>Tam</span> <span class='ocrx_word' id='word_1_129' title='bbox 262 1038 335 1071; x_wconf 91' lang='lat' dir='ltr'>latc</span> <span class='ocrx_word' id='word_1_130' title='bbox 371 1040 474 1073; x_wconf 87' lang='lat' dir='ltr'>hodie</span> <span class='ocrx_word' id='word_1_131' title='bbox 512 1046 613 1085; x_wconf 88' lang='lat' dir='ltr'>patet</span> <span class='ocrx_word' id='word_1_132' title='bbox 652 1041 699 1075; x_wconf 94' lang='lat' dir='ltr'>O.</span> <span class='ocrx_word' id='word_1_133' title='bbox 726 1041 772 1074; x_wconf 90' lang='lat' dir='ltr'>O.</span> <span class='ocrx_word' id='word_1_134' title='bbox 802 1040 1013 1075; x_wconf 86' lang='lat' dir='ltr'>Literarum</span> <span class='ocrx_word' id='word_1_135' title='bbox 1055 1041 1249 1081; x_wconf 83' lang='lat' dir='ltr'>Studium,</span> <span class='ocrx_word' id='word_1_136' title='bbox 1290 1039 1370 1072; x_wconf 85' lang='lat' dir='ltr'>talis</span> <span class='ocrx_word' id='word_1_137' title='bbox 1408 1037 1525 1081; x_wconf 89' lang='lat' dir='ltr'>ratio,</span> <span class='ocrx_word' id='word_1_138' title='bbox 1566 1044 1638 1071; x_wconf 87' lang='lat' dir='ltr'>tam</span> <span class='ocrx_word' id='word_1_139' title='bbox 1672 1051 1783 1084; x_wconf 78' lang='lat' dir='ltr'>prae-</span> 
     </span>
     <span class='ocr_line' id='line_1_15' title="bbox 86 1104 1783 1150; baseline 0.001 -15"><span class='ocrx_word' id='word_1_140' title='bbox 86 1109 185 1137; x_wconf 85' lang='lat' dir='ltr'>stans</span> <span class='ocrx_word' id='word_1_141' title='bbox 236 1105 342 1137; x_wconf 85' lang='lat' dir='ltr'>huius</span> <span class='ocrx_word' id='word_1_142' title='bbox 393 1110 446 1137; x_wconf 80' lang='lat' dir='ltr'>est</span> <span class='ocrx_word' id='word_1_143' title='bbox 481 1106 688 1139; x_wconf 83' lang='lat' dir='ltr'>consilium!</span> <span class='ocrx_word' id='word_1_144' title='bbox 740 1105 870 1139; x_wconf 83' lang='lat' dir='ltr'>Nonne</span> <span class='ocrx_word' id='word_1_145' title='bbox 908 1117 1019 1150; x_wconf 85' lang='lat' dir='ltr'>ergo,</span> <span class='ocrx_word' id='word_1_146' title='bbox 1057 1105 1143 1138; x_wconf 87' lang='lat' dir='ltr'>dum</span> <span class='ocrx_word' id='word_1_147' title='bbox 1178 1105 1244 1137; x_wconf 92' lang='lat' dir='ltr'>hoc</span> <span class='ocrx_word' id='word_1_148' title='bbox 1276 1104 1474 1137; x_wconf 78' lang='lat' dir='ltr'>multorum</span> <span class='ocrx_word' id='word_1_149' title='bbox 1517 1104 1623 1137; x_wconf 88' lang='lat' dir='ltr'>etiam</span> <span class='ocrx_word' id='word_1_150' title='bbox 1660 1117 1783 1149; x_wconf 89' lang='lat' dir='ltr'>popu-</span> 
     </span>
     <span class='ocr_line' id='line_1_16' title="bbox 86 1169 1780 1216; baseline 0.001 -15"><span class='ocrx_word' id='word_1_151' title='bbox 86 1169 205 1202; x_wconf 88' lang='lat' dir='ltr'>lorum</span> <span class='ocrx_word' id='word_1_152' title='bbox 247 1170 523 1203; x_wconf 78' lang='lat' dir='ltr'>aemulationem</span> <span class='ocrx_word' id='word_1_153' title='bbox 562 1172 720 1214; x_wconf 81' lang='lat' dir='ltr'>excitat,</span> <span class='ocrx_word' id='word_1_154' title='bbox 762 1183 982 1216; x_wconf 85' lang='lat' dir='ltr'>magnasque</span> <span class='ocrx_word' id='word_1_155' title='bbox 1023 1171 1146 1203; x_wconf 88' lang='lat' dir='ltr'>laudes</span> <span class='ocrx_word' id='word_1_156' title='bbox 1191 1171 1234 1202; x_wconf 79' lang='lat' dir='ltr'>iis</span> <span class='ocrx_word' id='word_1_157' title='bbox 1284 1171 1476 1212; x_wconf 88' lang='lat' dir='ltr'>conciliat,</span> <span class='ocrx_word' id='word_1_158' title='bbox 1527 1181 1668 1213; x_wconf 89' lang='lat' dir='ltr'>nonne,</span> <span class='ocrx_word' id='word_1_159' title='bbox 1715 1170 1780 1203; x_wconf 72' lang='lat' dir='ltr'>A.!</span> 
     </span>
     <span class='ocr_line' id='line_1_17' title="bbox 87 1235 1782 1281; baseline 0.001 -14"><span class='ocrx_word' id='word_1_160' title='bbox 87 1235 212 1268; x_wconf 71' lang='lat' dir='ltr'>‹toleti-3</span> <span class='ocrx_word' id='word_1_161' title='bbox 254 1247 297 1268; x_wconf 77' lang='lat' dir='ltr'>ex</span> <span class='ocrx_word' id='word_1_162' title='bbox 322 1235 388 1268; x_wconf 88' lang='grc'><strong>1100</strong></span> <span class='ocrx_word' id='word_1_163' title='bbox 415 1241 536 1269; x_wconf 79' lang='lat' dir='ltr'>tantae</span> <span class='ocrx_word' id='word_1_164' title='bbox 561 1236 677 1270; x_wconf 90' lang='lat' dir='ltr'>laudis</span> <span class='ocrx_word' id='word_1_165' title='bbox 704 1237 945 1281; x_wconf 80' lang='lat' dir='ltr'>utilitatisque</span> <span class='ocrx_word' id='word_1_166' title='bbox 970 1236 1069 1269; x_wconf 88' lang='lat' dir='ltr'>fonte</span> <span class='ocrx_word' id='word_1_167' title='bbox 1095 1235 1285 1268; x_wconf 81' lang='lat' dir='ltr'>Nostrates</span> <span class='ocrx_word' id='word_1_168' title='bbox 1312 1236 1472 1268; x_wconf 86' lang='lat' dir='ltr'>nondum</span> <span class='ocrx_word' id='word_1_169' title='bbox 1498 1236 1662 1269; x_wconf 86' lang='lat' dir='ltr'>similiter</span> <span class='ocrx_word' id='word_1_170' title='bbox 1689 1236 1782 1268; x_wconf 88' lang='lat' dir='ltr'>hau-</span> 
     </span>
     <span class='ocr_line' id='line_1_18' title="bbox 88 1300 1782 1347; baseline 0.001 -14"><span class='ocrx_word' id='word_1_171' title='bbox 88 1301 201 1344; x_wconf 83' lang='lat' dir='ltr'>sisse,</span> <span class='ocrx_word' id='word_1_172' title='bbox 230 1300 313 1334; x_wconf 77' lang='lat' dir='ltr'>licet</span> <span class='ocrx_word' id='word_1_173' title='bbox 349 1301 466 1334; x_wconf 82' lang='lat' dir='ltr'>aditus</span> <span class='ocrx_word' id='word_1_174' title='bbox 495 1302 540 1335; x_wconf 86' lang='lat' dir='ltr'>sit</span> <span class='ocrx_word' id='word_1_175' title='bbox 574 1308 748 1347; x_wconf 89' lang='lat' dir='ltr'>apertus,</span> <span class='ocrx_word' id='word_1_176' title='bbox 783 1302 1035 1346; x_wconf 89' lang='lat' dir='ltr'>bonorumque</span> <span class='ocrx_word' id='word_1_177' title='bbox 1068 1301 1215 1334; x_wconf 86' lang='lat' dir='ltr'>illorum</span> <span class='ocrx_word' id='word_1_178' title='bbox 1250 1303 1472 1335; x_wconf 86' lang='lat' dir='ltr'>consortium</span> <span class='ocrx_word' id='word_1_179' title='bbox 1506 1302 1608 1334; x_wconf 83' lang='lat' dir='ltr'>nobis</span> <span class='ocrx_word' id='word_1_180' title='bbox 1645 1303 1782 1347; x_wconf 78' lang='lat' dir='ltr'>pariter</span> 
     </span>
     <span class='ocr_line' id='line_1_19' title="bbox 88 1367 1783 1413; baseline 0.001 -14"><span class='ocrx_word' id='word_1_181' title='bbox 88 1367 331 1400; x_wconf 84' lang='lat' dir='ltr'>concedatur?</span> <span class='ocrx_word' id='word_1_182' title='bbox 390 1367 491 1400; x_wconf 84' lang='lat' dir='ltr'>Haec</span> <span class='ocrx_word' id='word_1_183' title='bbox 516 1368 648 1413; x_wconf 82' lang='lat' dir='ltr'>negligi</span> <span class='ocrx_word' id='word_1_184' title='bbox 686 1380 773 1401; x_wconf 89' lang='lat' dir='ltr'>num</span> <span class='ocrx_word' id='word_1_185' title='bbox 804 1369 945 1413; x_wconf 87' lang='lat' dir='ltr'>patitur</span> <span class='ocrx_word' id='word_1_186' title='bbox 980 1369 1033 1401; x_wconf 91' lang='lat' dir='ltr'>rei</span> <span class='ocrx_word' id='word_1_187' title='bbox 1067 1368 1182 1412; x_wconf 88' lang='lat' dir='ltr'>ipsius</span> <span class='ocrx_word' id='word_1_188' title='bbox 1208 1368 1382 1411; x_wconf 78' lang='lat' dir='ltr'>dignitas,</span> <span class='ocrx_word' id='word_1_189' title='bbox 1420 1379 1508 1400; x_wconf 88' lang='lat' dir='ltr'>nmn</span> <span class='ocrx_word' id='word_1_190' title='bbox 1538 1368 1682 1400; x_wconf 80' lang='lat' dir='ltr'>Patriae</span> <span class='ocrx_word' id='word_1_191' title='bbox 1714 1380 1783 1401; x_wconf 87' lang='lat' dir='ltr'>no-</span> 
     </span>
     <span class='ocr_line' id='line_1_20' title="bbox 91 1434 1783 1479; baseline 0 -13"><span class='ocrx_word' id='word_1_192' title='bbox 91 1439 187 1466; x_wconf 82' lang='lat' dir='ltr'>strae</span> <span class='ocrx_word' id='word_1_193' title='bbox 222 1434 361 1477; x_wconf 82' lang='lat' dir='ltr'>gloria,</span> <span class='ocrx_word' id='word_1_194' title='bbox 391 1446 498 1477; x_wconf 88' lang='lat' dir='ltr'>quam</span> <span class='ocrx_word' id='word_1_195' title='bbox 534 1434 668 1467; x_wconf 85' lang='lat' dir='ltr'>Literis</span> <span class='ocrx_word' id='word_1_196' title='bbox 703 1440 740 1467; x_wconf 86' lang='lat' dir='ltr'>et</span> <span class='ocrx_word' id='word_1_197' title='bbox 773 1435 986 1479; x_wconf 83' lang='lat' dir='ltr'>Disciplinis</span> <span class='ocrx_word' id='word_1_198' title='bbox 1020 1434 1163 1466; x_wconf 85' lang='lat' dir='ltr'>tuendis</span> <span class='ocrx_word' id='word_1_199' title='bbox 1197 1439 1232 1466; x_wconf 89' lang='lat' dir='ltr'>et</span> <span class='ocrx_word' id='word_1_200' title='bbox 1255 1434 1424 1466; x_wconf 87' lang='lat' dir='ltr'>ornandis</span> <span class='ocrx_word' id='word_1_201' title='bbox 1447 1434 1533 1466; x_wconf 90' lang='lat' dir='ltr'>haec</span> <span class='ocrx_word' id='word_1_202' title='bbox 1555 1446 1697 1478; x_wconf 82' lang='lat' dir='ltr'>semper</span> <span class='ocrx_word' id='word_1_203' title='bbox 1717 1435 1783 1467; x_wconf 86' lang='lat' dir='ltr'>sibi</span> 
     </span>
     <span class='ocr_line' id='line_1_21' title="bbox 89 1499 1784 1544; baseline 0.001 -13"><span class='ocrx_word' id='word_1_204' title='bbox 89 1499 259 1544; x_wconf 78' lang='lat' dir='ltr'>peperit?</span> <span class='ocrx_word' id='word_1_205' title='bbox 304 1518 354 1524; x_wconf 86' lang='lat'>——-</span> <span class='ocrx_word' id='word_1_206' title='bbox 393 1500 472 1532; x_wconf 90' lang='lat' dir='ltr'>Scio</span> <span class='ocrx_word' id='word_1_207' title='bbox 514 1499 703 1543; x_wconf 86' lang='lat' dir='ltr'>equidem,</span> <span class='ocrx_word' id='word_1_208' title='bbox 751 1510 914 1543; x_wconf 77' lang='lat' dir='ltr'>GoLmM,</span> <span class='ocrx_word' id='word_1_209' title='bbox 968 1510 1194 1539; x_wconf 66' lang='lat' dir='ltr'>RELANDUM,</span> <span class='ocrx_word' id='word_1_210' title='bbox 1247 1510 1429 1541; x_wconf 78' lang='lat' dir='ltr'>MILLmM,</span> <span class='ocrx_word' id='word_1_211' title='bbox 1482 1499 1593 1542; x_wconf 86' lang='lat' dir='ltr'>alios,</span> <span class='ocrx_word' id='word_1_212' title='bbox 1639 1505 1784 1543; x_wconf 80' lang='lat' dir='ltr'>praeter</span> 
     </span>
     <span class='ocr_line' id='line_1_22' title="bbox 89 1563 1786 1609; baseline 0.001 -14"><span class='ocrx_word' id='word_1_213' title='bbox 89 1563 272 1596; x_wconf 88' lang='lat' dir='ltr'>Semiticas</span> <span class='ocrx_word' id='word_1_214' title='bbox 305 1564 382 1597; x_wconf 86' lang='lat' dir='ltr'>aliis</span> <span class='ocrx_word' id='word_1_215' title='bbox 416 1563 659 1598; x_wconf 87' lang='lat' dir='ltr'>Orientalium</span> <span class='ocrx_word' id='word_1_216' title='bbox 696 1565 827 1609; x_wconf 84' lang='lat' dir='ltr'>linguis</span> <span class='ocrx_word' id='word_1_217' title='bbox 860 1565 1018 1609; x_wconf 87' lang='lat' dir='ltr'>aliquam</span> <span class='ocrx_word' id='word_1_218' title='bbox 1051 1565 1160 1607; x_wconf 88' lang='lat' dir='ltr'>olim,</span> <span class='ocrx_word' id='word_1_219' title='bbox 1198 1569 1234 1596; x_wconf 87' lang='lat' dir='ltr'>et</span> <span class='ocrx_word' id='word_1_220' title='bbox 1269 1576 1337 1608; x_wconf 90' lang='lat' dir='ltr'>pro</span> <span class='ocrx_word' id='word_1_221' title='bbox 1367 1565 1423 1596; x_wconf 89' lang='lat' dir='ltr'>sui</span> <span class='ocrx_word' id='word_1_222' title='bbox 1462 1565 1634 1609; x_wconf 77' lang='lat' dir='ltr'>temporis</span> <span class='ocrx_word' id='word_1_223' title='bbox 1669 1565 1786 1597; x_wconf 83' lang='lat' dir='ltr'>ratio-</span> 
     </span>
     <span class='ocr_line' id='line_1_23' title="bbox 90 1626 1782 1675; baseline 0.002 -15"><span class='ocrx_word' id='word_1_224' title='bbox 90 1629 195 1661; x_wconf 90' lang='lat' dir='ltr'>nibus</span> <span class='ocrx_word' id='word_1_225' title='bbox 237 1629 474 1673; x_wconf 87' lang='lat' dir='ltr'>laudabilem,</span> <span class='ocrx_word' id='word_1_226' title='bbox 525 1642 673 1675; x_wconf 84' lang='lat' dir='ltr'>operam</span> <span class='ocrx_word' id='word_1_227' title='bbox 724 1629 896 1672; x_wconf 68' lang='lat' dir='ltr'>naveisse3</span> <span class='ocrx_word' id='word_1_228' title='bbox 947 1631 1094 1675; x_wconf 84' lang='lat' dir='ltr'>quinam</span> <span class='ocrx_word' id='word_1_229' title='bbox 1129 1641 1216 1663; x_wconf 89' lang='lat' dir='ltr'>vero</span> <span class='ocrx_word' id='word_1_230' title='bbox 1252 1630 1316 1663; x_wconf 81' lang='lat' dir='ltr'>hos</span> <span class='ocrx_word' id='word_1_231' title='bbox 1344 1626 1500 1663; x_wconf 57' lang='lat' dir='ltr'>&#39;conatus</span> <span class='ocrx_word' id='word_1_232' title='bbox 1536 1636 1782 1672; x_wconf 73' lang='lat' dir='ltr'>renovarunt,</span> 
     </span>
     <span class='ocr_line' id='line_1_24' title="bbox 92 1694 1784 1741; baseline 0.001 -15"><span class='ocrx_word' id='word_1_233' title='bbox 92 1694 239 1738; x_wconf 85' lang='lat' dir='ltr'>quinam</span> <span class='ocrx_word' id='word_1_234' title='bbox 286 1695 453 1728; x_wconf 87' lang='lat' dir='ltr'>meliores</span> <span class='ocrx_word' id='word_1_235' title='bbox 502 1696 758 1738; x_wconf 83' lang='lat' dir='ltr'>reddiderunt3</span> <span class='ocrx_word' id='word_1_236' title='bbox 802 1696 974 1741; x_wconf 89' lang='lat' dir='ltr'>quinam,</span> <span class='ocrx_word' id='word_1_237' title='bbox 1023 1696 1155 1739; x_wconf 87' lang='lat' dir='ltr'>verbo,</span> <span class='ocrx_word' id='word_1_238' title='bbox 1201 1696 1485 1741; x_wconf 78' lang='lat' dir='ltr'>praestantiores</span> <span class='ocrx_word' id='word_1_239' title='bbox 1528 1695 1784 1728; x_wconf 79' lang='lat' dir='ltr'>Recentiorum</span> 
     </span>
     <span class='ocr_line' id='line_1_25' title="bbox 89 1760 1782 1803; baseline 0 -10"><span class='ocrx_word' id='word_1_240' title='bbox 89 1761 124 1793; x_wconf 88' lang='lat' dir='ltr'>in</span> <span class='ocrx_word' id='word_1_241' title='bbox 169 1761 223 1793; x_wconf 87' lang='lat' dir='ltr'>his</span> <span class='ocrx_word' id='word_1_242' title='bbox 260 1760 394 1794; x_wconf 86' lang='lat' dir='ltr'>Literis</span> <span class='ocrx_word' id='word_1_243' title='bbox 426 1761 581 1794; x_wconf 88' lang='lat' dir='ltr'>colendis</span> <span class='ocrx_word' id='word_1_244' title='bbox 613 1762 754 1795; x_wconf 86' lang='lat' dir='ltr'>labores</span> <span class='ocrx_word' id='word_1_245' title='bbox 794 1762 968 1795; x_wconf 83' lang='lat' dir='ltr'>aemulari</span> <span class='ocrx_word' id='word_1_246' title='bbox 1008 1762 1226 1794; x_wconf 76' lang='lat' dir='ltr'>tentarunt?</span> <span class='ocrx_word' id='word_1_247' title='bbox 1278 1761 1400 1803; x_wconf 89' lang='lat' dir='ltr'>Haec,</span> <span class='ocrx_word' id='word_1_248' title='bbox 1428 1767 1471 1793; x_wconf 88' lang='lat' dir='ltr'>ut</span> <span class='ocrx_word' id='word_1_249' title='bbox 1504 1760 1605 1793; x_wconf 79' lang='lat' dir='ltr'>Viris</span> <span class='ocrx_word' id='word_1_250' title='bbox 1631 1761 1782 1803; x_wconf 75' lang='lat' dir='ltr'>Bootis,</span> 
     </span>
     <span class='ocr_line' id='line_1_26' title="bbox 89 1825 1784 1872; baseline 0.001 -15"><span class='ocrx_word' id='word_1_251' title='bbox 89 1825 132 1858; x_wconf 89' lang='lat' dir='ltr'>de</span> <span class='ocrx_word' id='word_1_252' title='bbox 165 1826 243 1858; x_wconf 80' lang='lat' dir='ltr'>aliis</span> <span class='ocrx_word' id='word_1_253' title='bbox 282 1832 427 1859; x_wconf 83' lang='lat' dir='ltr'>nostrae</span> <span class='ocrx_word' id='word_1_254' title='bbox 455 1826 679 1871; x_wconf 87' lang='lat' dir='ltr'>Disciplinae</span> <span class='ocrx_word' id='word_1_255' title='bbox 714 1828 881 1872; x_wconf 83' lang='lat' dir='ltr'>partibus</span> <span class='ocrx_word' id='word_1_256' title='bbox 920 1827 1011 1860; x_wconf 89' lang='lat' dir='ltr'>bene</span> <span class='ocrx_word' id='word_1_257' title='bbox 1050 1828 1213 1869; x_wconf 73' lang='lat' dir='ltr'>meritis,</span> <span class='ocrx_word' id='word_1_258' title='bbox 1252 1838 1470 1871; x_wconf 78' lang='lat' dir='ltr'>magnopere</span> <span class='ocrx_word' id='word_1_259' title='bbox 1512 1826 1596 1859; x_wconf 89' lang='lat' dir='ltr'>vitio</span> <span class='ocrx_word' id='word_1_260' title='bbox 1634 1832 1784 1859; x_wconf 82' lang='lat' dir='ltr'>vertan-</span> 
     </span>
     <span class='ocr_line' id='line_1_27' title="bbox 91 1891 1784 1937; baseline 0.001 -14"><span class='ocrx_word' id='word_1_261' title='bbox 91 1896 180 1933; x_wconf 88' lang='lat' dir='ltr'>tur,</span> <span class='ocrx_word' id='word_1_262' title='bbox 211 1891 281 1935; x_wconf 87' lang='lat' dir='ltr'>ipsi</span> <span class='ocrx_word' id='word_1_263' title='bbox 318 1903 391 1923; x_wconf 89' lang='lat' dir='ltr'>non</span> <span class='ocrx_word' id='word_1_264' title='bbox 422 1892 554 1935; x_wconf 87' lang='lat' dir='ltr'>vultis,</span> <span class='ocrx_word' id='word_1_265' title='bbox 589 1897 699 1936; x_wconf 85' lang='lat' dir='ltr'>atque</span> <span class='ocrx_word' id='word_1_266' title='bbox 733 1904 797 1936; x_wconf 84' lang='lat' dir='ltr'>ego</span> <span class='ocrx_word' id='word_1_267' title='bbox 829 1893 926 1925; x_wconf 88' lang='lat' dir='ltr'>haud</span> <span class='ocrx_word' id='word_1_268' title='bbox 964 1904 1072 1925; x_wconf 89' lang='lat' dir='ltr'>unam</span> <span class='ocrx_word' id='word_1_269' title='bbox 1115 1892 1160 1924; x_wconf 88' lang='lat' dir='ltr'>ob</span> <span class='ocrx_word' id='word_1_270' title='bbox 1198 1904 1340 1924; x_wconf 80' lang='lat' dir='ltr'>causam</span> <span class='ocrx_word' id='word_1_271' title='bbox 1367 1891 1532 1924; x_wconf 75' lang='lat' dir='ltr'>excusari</span> <span class='ocrx_word' id='word_1_272' title='bbox 1557 1903 1661 1937; x_wconf 83' lang='lat' dir='ltr'>posse</span> <span class='ocrx_word' id='word_1_273' title='bbox 1683 1892 1784 1925; x_wconf 86' lang='lat' dir='ltr'>arbi—</span> 
     </span>
     <span class='ocr_line' id='line_1_28' title="bbox 90 1957 1784 2002; baseline 0.001 -13"><span class='ocrx_word' id='word_1_274' title='bbox 90 1964 181 1989; x_wconf 80' lang='lat' dir='ltr'>tror.</span> <span class='ocrx_word' id='word_1_275' title='bbox 236 1957 382 1990; x_wconf 84' lang='lat' dir='ltr'>Literae</span> <span class='ocrx_word' id='word_1_276' title='bbox 420 1958 515 1990; x_wconf 88' lang='lat' dir='ltr'>enim</span> <span class='ocrx_word' id='word_1_277' title='bbox 547 1957 734 1991; x_wconf 88' lang='lat' dir='ltr'>Semiticae</span> <span class='ocrx_word' id='word_1_278' title='bbox 779 1959 809 1991; x_wconf 87' lang='lat' dir='ltr'>si</span> <span class='ocrx_word' id='word_1_279' title='bbox 841 1970 905 2001; x_wconf 89' lang='lat' dir='ltr'>ea,</span> <span class='ocrx_word' id='word_1_280' title='bbox 947 1970 1020 2002; x_wconf 89' lang='lat' dir='ltr'>qua</span> <span class='ocrx_word' id='word_1_281' title='bbox 1052 1970 1120 2002; x_wconf 88' lang='lat' dir='ltr'>par</span> <span class='ocrx_word' id='word_1_282' title='bbox 1155 1963 1230 2000; x_wconf 85' lang='lat' dir='ltr'>est,</span> <span class='ocrx_word' id='word_1_283' title='bbox 1266 1958 1428 2000; x_wconf 85' lang='lat' dir='ltr'>ratione,</span> <span class='ocrx_word' id='word_1_284' title='bbox 1462 1969 1604 2002; x_wconf 86' lang='lat' dir='ltr'>semper</span> <span class='ocrx_word' id='word_1_285' title='bbox 1634 1958 1784 1990; x_wconf 87' lang='lat' dir='ltr'>tradan—</span> 
     </span>
     <span class='ocr_line' id='line_1_29' title="bbox 92 2023 1784 2069; baseline 0 -13"><span class='ocrx_word' id='word_1_286' title='bbox 92 2029 179 2066; x_wconf 87' lang='lat' dir='ltr'>tur,</span> <span class='ocrx_word' id='word_1_287' title='bbox 223 2023 448 2069; x_wconf 83' lang='lat' dir='ltr'>reliquarum</span> <span class='ocrx_word' id='word_1_288' title='bbox 491 2024 596 2057; x_wconf 79' lang='lat' dir='ltr'>Asiae</span> <span class='ocrx_word' id='word_1_289' title='bbox 644 2024 851 2068; x_wconf 85' lang='lat' dir='ltr'>linguarum</span> <span class='ocrx_word' id='word_1_290' title='bbox 891 2023 1133 2056; x_wconf 87' lang='lat' dir='ltr'>docendarum</span> <span class='ocrx_word' id='word_1_291' title='bbox 1179 2023 1367 2068; x_wconf 78' lang='lat' dir='ltr'>provincia</span> <span class='ocrx_word' id='word_1_292' title='bbox 1408 2023 1446 2055; x_wconf 89' lang='grc'>111</span> <span class='ocrx_word' id='word_1_293' title='bbox 1480 2024 1614 2056; x_wconf 81' lang='lat' dir='ltr'>nostris</span> <span class='ocrx_word' id='word_1_294' title='bbox 1658 2024 1784 2057; x_wconf 88' lang='lat' dir='ltr'>saltem</span> 
     </span>
     <span class='ocr_line' id='line_1_30' title="bbox 91 2088 1784 2135; baseline 0.001 -13"><span class='ocrx_word' id='word_1_295' title='bbox 91 2088 306 2123; x_wconf 78' lang='lat' dir='ltr'>Academiis</span> <span class='ocrx_word' id='word_1_296' title='bbox 349 2089 525 2134; x_wconf 85' lang='lat' dir='ltr'>peculiari</span> <span class='ocrx_word' id='word_1_297' title='bbox 567 2089 720 2122; x_wconf 89' lang='lat' dir='ltr'>Doctori</span> <span class='ocrx_word' id='word_1_298' title='bbox 759 2090 962 2122; x_wconf 86' lang='lat' dir='ltr'>mandetur.</span> <span class='ocrx_word' id='word_1_299' title='bbox 1025 2089 1133 2133; x_wconf 89' lang='lat' dir='ltr'>Quod</span> <span class='ocrx_word' id='word_1_300' title='bbox 1170 2089 1329 2122; x_wconf 87' lang='lat' dir='ltr'>nondum</span> <span class='ocrx_word' id='word_1_301' title='bbox 1371 2089 1507 2122; x_wconf 85' lang='lat' dir='ltr'>factum</span> <span class='ocrx_word' id='word_1_302' title='bbox 1537 2101 1640 2132; x_wconf 88' lang='lat' dir='ltr'>esse,</span> <span class='ocrx_word' id='word_1_303' title='bbox 1679 2102 1784 2135; x_wconf 77' lang='lat' dir='ltr'>aegre</span> 
     </span>
     <span class='ocr_line' id='line_1_31' title="bbox 93 2155 1783 2200; baseline 0 -12"><span class='ocrx_word' id='word_1_304' title='bbox 93 2156 236 2188; x_wconf 86' lang='lat' dir='ltr'>omnino</span> <span class='ocrx_word' id='word_1_305' title='bbox 280 2155 468 2188; x_wconf 88' lang='lat' dir='ltr'>ferendum</span> <span class='ocrx_word' id='word_1_306' title='bbox 503 2161 581 2198; x_wconf 86' lang='lat' dir='ltr'>est,</span> <span class='ocrx_word' id='word_1_307' title='bbox 621 2156 682 2188; x_wconf 86' lang='lat' dir='ltr'>sed</span> <span class='ocrx_word' id='word_1_308' title='bbox 712 2157 837 2188; x_wconf 85' lang='lat' dir='ltr'>aetatis</span> <span class='ocrx_word' id='word_1_309' title='bbox 868 2161 1013 2188; x_wconf 85' lang='lat' dir='ltr'>nostrae</span> <span class='ocrx_word' id='word_1_310' title='bbox 1043 2155 1328 2198; x_wconf 83' lang='lat' dir='ltr'>calamitatibus,</span> <span class='ocrx_word' id='word_1_311' title='bbox 1367 2155 1498 2199; x_wconf 89' lang='lat' dir='ltr'>quibus</span> <span class='ocrx_word' id='word_1_312' title='bbox 1534 2155 1659 2188; x_wconf 85' lang='lat' dir='ltr'>Patria</span> <span class='ocrx_word' id='word_1_313' title='bbox 1695 2167 1783 2200; x_wconf 87' lang='lat' dir='ltr'>prae</span> 
     </span>
     <span class='ocr_line' id='line_1_32' title="bbox 94 2221 1782 2267; baseline 0 -14"><span class='ocrx_word' id='word_1_314' title='bbox 94 2222 220 2254; x_wconf 87' lang='lat' dir='ltr'>ceteris</span> <span class='ocrx_word' id='word_1_315' title='bbox 261 2222 433 2267; x_wconf 86' lang='lat' dir='ltr'>Europae</span> <span class='ocrx_word' id='word_1_316' title='bbox 477 2222 611 2266; x_wconf 74' lang='lat' dir='ltr'>Regnis</span> <span class='ocrx_word' id='word_1_317' title='bbox 656 2222 860 2267; x_wconf 86' lang='lat' dir='ltr'>premitur,</span> <span class='ocrx_word' id='word_1_318' title='bbox 902 2221 992 2254; x_wconf 91' lang='lat' dir='ltr'>illud</span> <span class='ocrx_word' id='word_1_319' title='bbox 1040 2221 1237 2254; x_wconf 86' lang='lat' dir='ltr'>tribuatur.</span> <span class='ocrx_word' id='word_1_320' title='bbox 1289 2221 1390 2254; x_wconf 85' lang='lat' dir='ltr'>Haec</span> <span class='ocrx_word' id='word_1_321' title='bbox 1424 2222 1519 2254; x_wconf 92' lang='lat' dir='ltr'>enim</span> <span class='ocrx_word' id='word_1_322' title='bbox 1551 2221 1676 2253; x_wconf 85' lang='lat' dir='ltr'>Studia</span> <span class='ocrx_word' id='word_1_323' title='bbox 1704 2221 1782 2254; x_wconf 89' lang='lat' dir='ltr'>fore</span> 
     </span>
     <span class='ocr_line' id='line_1_33' title="bbox 94 2286 1782 2332; baseline 0.001 -13"><span class='ocrx_word' id='word_1_324' title='bbox 94 2292 137 2319; x_wconf 87' lang='lat' dir='ltr'>ut</span> <span class='ocrx_word' id='word_1_325' title='bbox 179 2298 260 2319; x_wconf 90' lang='lat' dir='ltr'>cum</span> <span class='ocrx_word' id='word_1_326' title='bbox 294 2287 469 2320; x_wconf 83' lang='lat' dir='ltr'>Semiticis</span> <span class='ocrx_word' id='word_1_327' title='bbox 501 2293 627 2332; x_wconf 83' lang='lat' dir='ltr'>postea</span> <span class='ocrx_word' id='word_1_328' title='bbox 659 2287 947 2331; x_wconf 86' lang='lat' dir='ltr'>coniungantur,</span> <span class='ocrx_word' id='word_1_329' title='bbox 988 2292 1202 2319; x_wconf 88' lang='lat' dir='ltr'>neutrarum</span> <span class='ocrx_word' id='word_1_330' title='bbox 1234 2292 1403 2332; x_wconf 84' lang='lat' dir='ltr'>optamus</span> <span class='ocrx_word' id='word_1_331' title='bbox 1437 2286 1564 2331; x_wconf 69' lang='lat' dir='ltr'>gratia.</span> <span class='ocrx_word' id='word_1_332' title='bbox 1617 2286 1782 2332; x_wconf 87' lang='lat' dir='ltr'>Amplior</span> 
     </span>
     <span class='ocr_line' id='line_1_34' title="bbox 93 2352 1781 2398; baseline 0.001 -13"><span class='ocrx_word' id='word_1_333' title='bbox 93 2352 154 2386; x_wconf 88' lang='lat' dir='ltr'>ille</span> <span class='ocrx_word' id='word_1_334' title='bbox 194 2358 249 2385; x_wconf 80' lang='lat' dir='ltr'>est</span> <span class='ocrx_word' id='word_1_335' title='bbox 292 2353 471 2397; x_wconf 85' lang='lat' dir='ltr'>ambitus,</span> <span class='ocrx_word' id='word_1_336' title='bbox 502 2354 614 2398; x_wconf 90' lang='lat' dir='ltr'>inque</span> <span class='ocrx_word' id='word_1_337' title='bbox 649 2353 722 2386; x_wconf 87' lang='lat' dir='ltr'>dies</span> <span class='ocrx_word' id='word_1_338' title='bbox 756 2354 867 2398; x_wconf 81' lang='lat' dir='ltr'>magis</span> <span class='ocrx_word' id='word_1_339' title='bbox 895 2353 1002 2386; x_wconf 86' lang='lat' dir='ltr'>etiam</span> <span class='ocrx_word' id='word_1_340' title='bbox 1037 2365 1074 2386; x_wconf 90' lang='lat' dir='ltr'>se</span> <span class='ocrx_word' id='word_1_341' title='bbox 1112 2354 1334 2397; x_wconf 76' lang='lat' dir='ltr'>extendens,</span> <span class='ocrx_word' id='word_1_342' title='bbox 1363 2366 1471 2398; x_wconf 84' lang='lat' dir='ltr'>quam</span> <span class='ocrx_word' id='word_1_343' title='bbox 1497 2359 1538 2386; x_wconf 86' lang='lat' dir='ltr'>ut</span> <span class='ocrx_word' id='word_1_344' title='bbox 1563 2352 1632 2386; x_wconf 90' lang='lat' dir='ltr'>Vir</span> <span class='ocrx_word' id='word_1_345' title='bbox 1659 2365 1781 2397; x_wconf 89' lang='lat' dir='ltr'>unus,</span> 
     </span>
    </p>
   </div>
   <div class='ocr_carea' id='block_1_3' title="bbox 93 2416 1784 2466">
    <p class='ocr_par' dir='ltr' id='par_1_4' title="bbox 93 2416 1784 2466">
     <span class='ocr_line' id='line_1_35' title="bbox 93 2416 1784 2466; baseline 0.002 -15"><span class='ocrx_word' id='word_1_346' title='bbox 93 2416 199 2463; x_wconf 62' lang='lat' dir='ltr'>longa</span> <span class='ocrx_word' id='word_1_347' title='bbox 228 2416 442 2452; x_wconf 87' lang='lat' dir='ltr'>Lectionum</span> <span class='ocrx_word' id='word_1_348' title='bbox 476 2420 595 2463; x_wconf 90' lang='lat' dir='ltr'>serie,</span> <span class='ocrx_word' id='word_1_349' title='bbox 633 2419 860 2464; x_wconf 82' lang='lat' dir='ltr'>aliorumque</span> <span class='ocrx_word' id='word_1_350' title='bbox 899 2420 1125 2464; x_wconf 85' lang='lat' dir='ltr'>negotiorum</span> <span class='ocrx_word' id='word_1_351' title='bbox 1158 2420 1252 2454; x_wconf 90' lang='lat' dir='ltr'>mole</span> <span class='ocrx_word' id='word_1_352' title='bbox 1290 2420 1468 2464; x_wconf 81' lang='lat' dir='ltr'>obrutus,</span> <span class='ocrx_word' id='word_1_353' title='bbox 1508 2419 1599 2453; x_wconf 85' lang='lat' dir='ltr'>hanc</span> <span class='ocrx_word' id='word_1_354' title='bbox 1629 2420 1784 2466; x_wconf 88' lang='lat' dir='ltr'>provin-</span> 
     </span>
    </p>
   </div>
  </div>
 </body>
</html>
