2196 2950
706 141 1152 178 ORATIO.
1728 144 1774 178 113

81 254 157 298 Ne,
195 255 481 289 Commilitones!
519 254 733 300 desperate,
759 267 896 288 omnes.
947 257 1026 288 Scio
1053 255 1218 299 equidem
1234 279 1244 298 ,
1271 255 1414 289 difficile
1439 266 1517 289 esse
1543 261 1579 289 et
1604 268 1770 301 perpau-

82 322 132 353 cis
165 331 373 353 concessum
410 320 476 352 hac
514 319 595 363 vizi,
634 325 676 353 ut
712 320 857 353 incessit
892 320 973 362 ille,
1013 320 1191 352 incedere.
1245 319 1326 352 Hoc
1362 332 1450 353 vero
1490 333 1511 354 a
1536 321 1638 354 nobis
1663 322 1769 355 etiam

82 396 155 417 non
192 385 361 429 exigitur.
433 385 600 428 Quisque
639 397 707 430 pro
744 391 849 429 parte
886 385 982 419 virili
1019 386 1094 418 suis
1128 390 1256 417 utatur
1292 384 1540 419 facultatibus.
1603 386 1769 421 Studium

82 449 237 493 quisque
271 449 437 482 instituat
471 449 567 482 haud
602 450 850 494 interruptum
889 455 926 483 et
949 451 1078 484 ardore
1103 462 1176 484 non
1202 451 1462 495 exstinguendo
1494 452 1767 486 inflammatum.

82 513 201 547 Nullis
235 525 408 558 umquam
445 514 577 559 aliquis
616 516 845 549 deterreatur
888 516 1171 550 difficultatibus.
1236 516 1337 549 Talis
1375 516 1477 549 labor
1502 518 1620 550 omnia
1644 519 1767 551 vincit.

81 579 221 625 Aspera
256 580 315 614 via
352 581 397 614 ad
444 582 635 626 superiora
681 583 809 615 tendit.
883 582 1021 615 Hilaris
1056 581 1128 614 illic
1168 586 1204 615 et
1238 593 1409 614 amoenus
1450 586 1505 614 est
1540 587 1767 627 conspectus.

81 644 171 677 Boni
213 656 336 678 omnes
382 646 677 692 comprobatione
706 648 827 692 ipsum
866 653 1165 692 prosequuntur,
1199 648 1369 692 quodque
1404 647 1509 691 longe
1541 648 1657 681 maius
1688 654 1767 690 est,

34 701 45 710 ⁴
78 720 122 742 ex
160 715 260 743 recte
296 710 477 745 factorum
513 711 730 746 conscientia
767 714 960 746 maximam
999 713 1078 758 ipse
1103 712 1339 756 consequitur
1374 711 1580 746 felicitatem
1611 718 1648 746 et
1681 713 1770 759 plu—

79 776 162 809 rimi
196 776 388 820 aliquando
414 789 436 810 a
470 779 581 822 gratis
615 778 778 813 Posteris
810 778 882 812 fiet.

130 840 164 873 Ο
212 840 353 875 beatam
406 847 564 886 terram,
610 855 704 888 quae
737 845 912 877 eiusmodi
943 843 1034 877 filios
1071 844 1143 877 sert
1181 849 1293 888 atque
1321 843 1402 877 alit!
1442 843 1563 877 felices
1598 842 1766 888 Literas,

82 906 212 951 quibus
237 907 328 940 tales
367 910 578 953 contingant
609 909 786 943 cultores!
838 910 966 943 Talem
1001 909 1220 952 Doctorem,
1258 909 1387 942 dilecta
1413 909 1562 952 Patria,
1596 919 1770 943 HAMAKE—

79 982 156 1006 num
198 972 374 1006 habuisti!
435 974 558 1007 Hocce
591 973 817 1008 Athenaeum
842 980 1033 1009 ornantem
1051 1000 1062 1019 ,
1100 985 1310 1019 novumque
1336 979 1372 1007 et
1397 975 1570 1019 insignem
1596 974 1770 1020 splendo-

77 1049 153 1071 rem
192 1036 403 1072 Academiae
446 1039 828 1084 Lugduno-Batavae
862 1042 1051 1075 addentem
1067 1066 1078 1085 ,
1115 1041 1245 1085 suique
1284 1040 1555 1074 admirationem
1595 1042 1766 1074 universo

83 1103 175 1137 Orbi
200 1104 355 1137 Erudito
381 1105 622 1147 inficientem,
658 1118 741 1139 eum
766 1107 900 1141 vidisti.
952 1107 1042 1139 Eius
1075 1106 1205 1139 similes
1242 1110 1284 1138 ut
1319 1105 1439 1139 videas
1480 1105 1672 1150 aliquando
1700 1105 1768 1138 Li-

80 1176 241 1203 terarum
270 1169 317 1203 O.
347 1170 394 1204 O.
421 1170 616 1215 Vindices,
650 1177 738 1217 opto
769 1172 1013 1207 vehementer.

131 1565 306 1599 Oratione
342 1565 611 1610 pronunciata,
655 1564 700 1598 A.
737 1564 811 1598 H.!
853 1565 898 1598 ad
944 1575 1071 1597 eorum
1111 1563 1351 1598 accedendum
1397 1570 1474 1607 est,
1523 1575 1616 1609 quae
1650 1563 1767 1598 Athe-

81 1642 191 1672 naeo,
229 1642 284 1663 me
322 1630 500 1673 Rectore,
536 1643 714 1676 prospera
749 1631 972 1674 adversaque
1008 1635 1239 1673 evenerunt,
1274 1631 1663 1664 commemorationem.

124 1697 170 1730 Et
200 1697 290 1730 hanc
325 1696 468 1741 quidem
506 1696 701 1741 cogitanti,
735 1696 821 1728 mihi
859 1696 1018 1740 primum
1050 1694 1096 1727 ob
1123 1695 1247 1728 oculos
1270 1700 1440 1730 versatur
1462 1695 1662 1741 Collegium
1689 1695 1767 1729 Cu-

81 1769 268 1806 ratorum,
314 1764 352 1795 in
390 1762 486 1807 quod
519 1762 586 1795 hoc
618 1762 762 1795 biennio
796 1773 817 1794 a
856 1761 953 1805 Rege
984 1760 1067 1793 lecti
1100 1767 1186 1794 sunt
1222 1760 1305 1794 Viri
1346 1761 1570 1795 Nobilissimi
1603 1771 1766 1795 sinemus

79 1838 150 1860 vAx
183 1838 387 1860 wELDERux
418 1838 582 1860 RENGERS
625 1833 658 1860 et
694 1837 857 1860 nutssnns
893 1836 1056 1860 MARIan
1085 1837 1272 1860 SPEELMAN
1309 1838 1460 1862 WOBMA.
1514 1826 1656 1869 Vobis,
1684 1826 1767 1860 Viri

80 1892 296 1925 Gravissimi
345 1893 436 1925 hanc
486 1893 694 1936 dignitatem
734 1903 778 1924 ex
820 1891 939 1923 animo
988 1891 1227 1936 gratulamur.
1302 1893 1345 1925 V
1341 1904 1381 1925 os
1426 1891 1672 1935 Duumviris,
1721 1892 1765 1925 de

80 1956 265 1990 Athenaeo
311 1958 394 1990 olim
437 1958 571 2003 optime
611 1958 773 2000 meritis,
804 1966 988 1990 AEsschE
1021 1966 1095 1990 VAN
1128 1967 1306 1990 nuMALDA
1338 1962 1374 1990 et
1404 1967 1567 1990 ETsARDo
1597 1967 1764 1991 REGNERO

80 2034 153 2056 vm
187 2034 394 2057 WELDEREN
430 2034 618 2068 RENGERS,
653 2025 758 2066 Vos,
803 2024 978 2068 inquam,
1021 2022 1065 2055 iis
1101 2023 1338 2066 successisse,
1376 2033 1594 2068 magnopere
1627 2023 1766 2067 gaude-

80 2100 172 2123 mus.
236 2090 319 2133 Quo
363 2091 457 2123 enim
500 2090 537 2123 in
569 2101 627 2123 res
665 2095 808 2123 nostras
838 2089 956 2122 animo
993 2087 1098 2132 sitis,
1134 2088 1306 2121 continuo
1340 2087 1443 2121 nobis
1469 2088 1678 2134 perspicere
1718 2087 1766 2121 li-

82 2156 167 2188 cuit.
233 2156 353 2199 Quam
392 2155 438 2189 ob
484 2167 560 2189 rem
598 2155 691 2189 nulli
733 2155 963 2198 dubitamus,
1003 2155 1118 2199 quin,
1160 2152 1232 2199 qua
1269 2152 1446 2188 Athenaei
1483 2165 1609 2188 curam
1647 2154 1764 2188 adhuc

80 2221 261 2264 gessistis,
309 2220 431 2254 eadem
478 2232 560 2254 cum
596 2219 845 2255 benevolentia
879 2226 958 2253 tum
994 2219 1188 2266 prudentia
1221 2221 1314 2253 hauc
1348 2232 1462 2266 porro
1500 2220 1638 2265 gesturi
1670 2219 1760 2253 sitis.

83 2284 178 2317 Hinc
207 2286 296 2320 illud
332 2287 628 2332 consequemini,
672 2286 770 2330 quod
804 2286 910 2331 longe
944 2286 1243 2320 iucundissimum
1276 2286 1348 2332 ipsi
1381 2285 1542 2328 habetis,
1578 2289 1622 2318 ut
1659 2283 1766 2318 Lite-

82 2362 205 2383 rarum
248 2351 418 2396 Patroni,
457 2359 499 2386 ut
541 2351 688 2386 scholae
720 2352 1025 2398 Franequeranae
1060 2352 1239 2387 Fautores
1255 2377 1266 2397 ,
1301 2358 1344 2387 ut
1380 2352 1610 2395 Frisiorum,
1647 2355 1760 2396 quot-
