2240 2964
815 871 909 924 L.
982 871 1062 926 S.

95 1442 245 1496 Hanc
280 1462 493 1496 Orationem
507 1486 516 1504 ,
537 1460 642 1494 cuius
665 1461 843 1505 quasdam
861 1465 1005 1493 tantum
1022 1464 1155 1503 partes
1172 1459 1443 1503 pronunciavi,
1473 1465 1513 1492 ut
1534 1459 1697 1495 benevole
1721 1471 1786 1493 εκ-

93 1530 208 1574 cipias
225 1554 235 1571 ,
277 1528 388 1561 etiam
425 1532 534 1573 atque
565 1527 676 1560 etiam
711 1537 811 1570 rogo.
879 1525 973 1558 Cum
1008 1526 1102 1558 enim
1134 1525 1252 1569 probe
1284 1524 1511 1569 intelligam,
1542 1531 1722 1570 quantum
1754 1527 1786 1558 ei

91 1595 142 1628 ad
179 1594 441 1638 perfectionem
468 1593 688 1638 defuturum
709 1592 875 1636 fuisset,
914 1592 947 1623 si
982 1591 1121 1635 optima
1160 1591 1254 1624 milii
1288 1592 1326 1624 in
1355 1589 1543 1624 scribendo
1577 1592 1635 1624 uti
1670 1593 1786 1625 conti—

89 1661 203 1705 gisset
237 1658 466 1701 valetudine,
499 1659 553 1690 ita
588 1669 683 1691 nunc
714 1658 773 1700 ei,
808 1657 967 1702 scriptae
1005 1658 1138 1702 quippe
1175 1669 1199 1689 a
1227 1668 1303 1700 me,
1334 1656 1437 1702 febri
1460 1656 1673 1701 plurimum
1703 1669 1787 1690 cor-

93 1731 195 1770 repto
213 1751 222 1767 ,
250 1725 365 1758 multo
389 1724 509 1768 plura
543 1724 664 1756 deesse
693 1724 870 1767 suspicor.
926 1723 1099 1757 Ceterum
1117 1732 1345 1757 HAMAKERI
1370 1723 1580 1767 Laudator,
1609 1725 1787 1769 quemad-

94 1792 241 1825 modum
265 1802 338 1823 esse
371 1802 506 1836 nequeo
524 1815 533 1832 ,
566 1790 621 1822 ita
652 1789 763 1822 etiam
794 1789 874 1822 nolo
909 1789 1049 1824 haberi.
1107 1789 1168 1823 De
1206 1789 1455 1834 Praeceptore
1480 1791 1564 1834 egi,
1598 1796 1640 1823 ut
1665 1791 1787 1823 animo

91 1868 167 1889 meo
209 1855 473 1900 satisfacerem.
544 1854 658 1888 Cuius
699 1860 824 1888 tantus
869 1861 951 1888 erat
996 1855 1179 1900 impetus,
1230 1861 1272 1889 ut
1309 1856 1415 1889 aliud
1445 1848 1708 1899 argumentum
1741 1857 1784 1888 eci

83 1921 232 1966 publice
283 1921 428 1953 dicendi
472 1922 747 1965 opportunitate
789 1927 953 1956 tractare
988 1934 1058 1955 non
1084 1934 1245 1967 possem.
1306 1922 1403 1955 Piae
1433 1927 1559 1954 autem
1591 1922 1669 1955 eius
1707 1934 1784 1955 me-

93 1986 234 2020 moriae
264 1986 508 2019 recordationi
546 1986 776 2031 indulgenti,
815 1987 881 2020 hoc
902 1993 1087 2031 perpetuo
1117 1987 1208 2020 mihi
1234 1986 1276 2020 ob
1302 1988 1424 2021 oculos
1450 1987 1690 2031 versabatur,
1717 1994 1781 2031 ut,

92 2054 135 2086 de
186 2065 226 2086 eo
269 2052 464 2096 dicturus,
512 2064 582 2086 non
620 2053 709 2086 adeo
738 2053 775 2086 in
812 2053 996 2087 Virorum
1029 2052 1306 2096 Eruditorum,
1353 2053 1418 2086 sed
1434 2053 1565 2097 potius
1598 2054 1635 2086 in
1672 2053 1785 2086 Tiro-

92 2130 179 2151 num
215 2119 384 2164 gratiam
401 2144 410 2162 ,
443 2117 675 2162 futurorum,
713 2118 886 2164 inquam,
923 2118 1130 2153 Literarum
1168 2118 1214 2152 O.
1245 2118 1291 2152 O.
1321 2119 1527 2163 cultorum,
1558 2128 1780 2152 HAMAKERt

94 2185 289 2230 imaginem
334 2184 611 2230 studiorumque
653 2185 732 2217 eius
782 2185 961 2218 rationem
1003 2185 1296 2227 adumbrarem5
1336 2186 1468 2231 quibus
1513 2186 1705 2230 expositis,
1747 2185 1786 2217 lzi

95 2249 290 2293 haberent,
330 2252 429 2296 quod
473 2250 732 2294 imitarentur,
766 2252 972 2297 exemplum
989 2277 998 2294 ,
1033 2257 1069 2284 et
1101 2253 1152 2284 ad
1187 2253 1285 2297 quod
1320 2251 1359 2284 lii
1393 2252 1465 2296 ipsi
1502 2264 1540 2284 se
1575 2253 1785 2297 conforma-

99 2320 191 2347 rent.
242 2316 348 2349 Idem
378 2316 474 2350 illud
503 2316 692 2350 consilium
727 2317 864 2351 nemini
901 2329 1041 2364 quoque
1079 2330 1149 2352 non
1186 2319 1420 2363 conspicuum
1458 2323 1511 2351 est
1543 2319 1581 2351 in
1617 2316 1785 2350 Annota-

96 2381 203 2413 tione.
272 2381 392 2420 Quam
430 2383 635 2418 addendam
685 2395 758 2417 esse
792 2384 882 2417 duxi
899 2409 908 2427 ,
952 2390 994 2417 ut
1041 2385 1184 2427 multa,
1223 2396 1315 2430 quae
1347 2385 1385 2416 in
1414 2384 1589 2417 Oratione
1625 2382 1782 2418 breviter
