2196 2950
333 171 379 205 36
799 167 844 200 Τ.
911 168 958 201 G.
1024 167 1054 200 Ι.
1119 164 1553 200 IUYNBOLL

385 284 437 316 Ac
471 295 566 316 nunc
586 308 595 325 ,
622 281 685 314 ΑΛ
724 281 891 314 Orationi
928 280 1035 314 finem
1075 292 1212 326 ponere
1247 291 1416 326 possem,
1459 280 1489 312 si
1517 288 1709 312 mmmmm
1748 278 1867 311 studia
1893 277 2025 322 linguis

337 349 541 381 Semiciticis
572 347 767 379 tractandis
803 348 907 379 unice
942 346 1240 388 absolverentur3
1277 346 1338 378 sed
1375 346 1416 378 iis
1449 356 1531 378 cum
1565 355 1601 377 se
1633 344 1809 377 contineri
1832 354 1903 375 non
1929 344 2025 375 sive-

334 416 406 456 rit,
441 413 530 445 detis
564 413 650 445 mihi
682 413 936 457 progrediendi
967 414 1131 455 veniam,
1164 413 1400 457 expositum,
1436 411 1612 455 quomodo
1635 415 1671 443 ec
1698 421 1810 455 quam
1829 409 1903 441 late
1926 408 2025 440 Lin-

330 490 494 521 guarum
535 479 578 511 Ο.
607 479 649 511 Ο.
680 477 807 511 Stadii
823 478 922 522 fines
949 478 987 511 in
1006 478 1147 511 Patrici
1172 478 1299 510 nosti-ci
1315 475 1535 521 protulerit.

381 609 641 642 Semitz‘sarlim
683 609 889 653 linguarum
934 610 1033 642 notio
1083 609 1248 653 quamvis
1285 609 1331 641 sit
1370 608 1571 651 latissima,
1619 607 1866 642 Orientalium
1907 613 2025 640 tamen

333 675 446 707 multo
484 675 591 707 latius
624 679 736 718 patet.
789 673 890 706 Haec
924 675 1018 706 enim
1047 674 1188 718 linguas
1221 685 1293 706 non
1324 674 1428 706 modo
1467 673 1686 716 nonnullas,
1718 685 1851 718 easque
1877 673 2024 713 varias,

332 741 392 772 sed
440 751 588 781 omnes,-
630 751 750 783 neque
795 745 915 772 certas
965 740 1144 784 quasdam
1178 739 1496 783 amplissimasqzoe
1536 738 1697 772 Orientis
1735 740 1897 782 regiones
1916 763 1925 780 ,
1967 737 2027 769 sed

331 804 466 838 „Asiam
510 805 719 838 nniversam
760 816 841 837 cum
874 816 1011 849 magna
1045 804 1205 849 Africae
1234 810 1346 848 parte
1387 804 1654 848 complectitur.
1707 804 1866 848 Campus
1900 803 2027 849 profe-

333 877 388 903 cto
427 877 551 905 vastus
580 877 615 903 ct
637 871 850 903 immensus!
888 882 995 914 quem
1032 871 1131 903 ultra
1172 870 1342 903 terminos
1378 869 1563 902 Semiticos
1594 868 1654 903 vel
1678 869 1825 913 ingredi
1851 869 2027 913 perpauci

333 937 415 970 olim
449 937 527 969 ausi
563 936 721 968 fuerant.
792 935 933 968 Verum
964 935 1090 968 nostra
1126 941 1242 968 aetate
1278 936 1354 969 eius
1389 935 1588 980 amplitudo
1621 935 1726 968 desiit
1759 946 1836 967 esse
1872 935 2029 980 impedi-

331 1007 475 1044 mento,
511 1013 581 1044 ne,
618 1001 877 1046 praeeuntibus
907 1001 1058 1046 Anglis,
1093 1002 1280 1034 erectioris
1318 1002 1414 1034 inter
1447 1000 1572 1033 Gallos
1611 1000 1887 1044 Germanosque
1919 1000 2027 1033 indo-

331 1068 374 1100 lis
420 1067 501 1100 Viri
541 1067 628 1099 illuc
661 1079 697 1099 se
729 1067 950 1100 conferrent.
1017 1067 1098 1100 Hae
1129 1073 1250 1100 autem
1283 1073 1406 1112 gentes
1439 1068 1475 1099 in
1516 1067 1594 1099 illas
1633 1066 1775 1110 linguas
1812 1066 2027 1099 incumbunt

333 1144 397 1165 sua
431 1133 584 1176 quisque
618 1133 771 1165 ratione.
825 1132 927 1165 Inter
965 1130 1102 1176 Anglos
1132 1138 1242 1177 atque
1281 1132 1406 1165 Gallos
1444 1132 1638 1177 multiplex
1671 1133 1835 1164 cernitur
1868 1137 1905 1164 ct
1941 1143 2028 1164 eon—

331 1204 428 1231 stans
472 1204 507 1230 et
543 1199 637 1231 inter
676 1199 810 1231 multos
856 1198 1010 1232 divisum
1039 1198 1247 1243 linguarum
1286 1210 1411 1232 earum
1444 1199 1629 1242 studium,
1666 1199 1928 1243 ingentesque,
1961 1199 2026 1243 qui

332 1264 375 1296 ab
412 1265 453 1296 iis
489 1270 737 1309 peraguntur,
777 1264 918 1297 labores
956 1276 1139 1308 quemque
1170 1266 1206 1297 in
1236 1265 1509 1297 admirationem
1535 1266 1696 1310 rapiunt.
1750 1264 1858 1308 Quod
1884 1265 1939 1298 his
1964 1264 2030 1297 de-

331 1330 404 1371 sit,
435 1328 566 1362 subtile
601 1329 866 1361 Germanorum
911 1330 1098 1373 ingenium
1135 1330 1255 1372 addit,
1298 1342 1338 1362 ac
1377 1341 1472 1364 nova
1508 1330 1562 1362 his
1591 1331 1782 1373 adiiciens,
1823 1330 1917 1362 edita
1943 1330 2030 1375 phi-

330 1394 479 1439 losophe
515 1400 714 1437 retractat,
756 1395 1038 1439 linguarumque
1072 1394 1351 1428 Gramlnaticam
1381 1395 1426 1428 ad
1460 1396 1684 1440 Disciplinae
1709 1407 1873 1428 normam
1903 1396 2026 1439 exigit.

376 1460 498 1492 Huius
533 1466 652 1492 autem
690 1461 832 1503 Studii,
874 1461 971 1504 quod
1006 1461 1128 1504 ipsum
1148 1461 1371 1493 iucunditate
1399 1472 1436 1493 se
1464 1462 1712 1504 commendat,
1743 1462 1925 1494 utilitates
1959 1471 2028 1494 ne·-

330 1527 417 1558 miui
452 1537 524 1558 non
560 1537 738 1571 apparere
773 1532 941 1570 possunt.
995 1526 1135 1559 Rerum
1172 1526 1413 1559 Orientalium
1452 1527 1655 1572 exploratio
1695 1528 1746 1560 ita
1781 1527 1860 1561 aliis
1893 1526 2029 1560 Literis

330 1597 366 1623 et
402 1591 615 1635 Disciplinis
653 1591 867 1623 exornandis
903 1591 1018 1623 multo
1055 1592 1193 1635 inagis,
1230 1604 1337 1636 quam
1369 1598 1475 1635 ante,
1506 1593 1676 1637 prodesse
1707 1599 1841 1637 potest.
1897 1593 2029 1627 Omni·

332 1668 393 1689 um
425 1668 563 1701 porrO,
602 1662 644 1689 ut
674 1657 743 1689 alia
775 1656 1090 1701 praetermittam,
1122 1657 1283 1690 omnium
1312 1658 1388 1690 scre
1429 1658 1634 1702 linguarum
1666 1659 1818 1691 interior
1847 1659 2028 1703 indagatio

334 1722 490 1754 subsidia
525 1722 663 1766 accepit
701 1720 956 1754 efficacissima.
1023 1721 1164 1765 Editis,
1194 1734 1228 1756 v.
1262 1734 1292 1754 e.
1335 1721 1510 1755 Veterum
1544 1723 1716 1756 Indorum
1753 1725 2025 1767 monumentis,

332 1789 460 1820 horum
492 1788 617 1831 lingua
650 1799 721 1820 non
761 1787 835 1819 sola
862 1788 1115 1831 cognoscitur,
1155 1789 1347 1832 variaeque
1382 1789 1458 1821 eius
1493 1789 1633 1821 dialecti
1664 1790 1792 1822 melius
1817 1789 2029 1833 intelligun-

334 1859 414 1895 tur,
453 1853 514 1885 sed
554 1864 677 1886 omncs
713 1854 799 1886 item
833 1854 977 1897 linguae
1014 1853 1274 1897 illustrantur,
1310 1866 1403 1898 quae
1429 1855 1611 1897 eamdem,
1637 1861 1746 1899 atque
1776 1855 1921 1898 Indica,
1951 1857 2028 1888 ori—

332 1919 449 1962 ginem
501 1918 645 1951 liabent.
711 1918 845 1951 Mutua
894 1919 981 1951 haee
1032 1919 1240 1963 linguarum
1279 1919 1421 1951 collatio
1460 1919 1580 1952 nobile
1626 1920 1717 1952 illud
1757 1919 2027 1970 Grampzatices

327 1985 511 2027 generalis
556 1985 719 2017 Studium
764 1985 933 2029 peperit,
984 1997 1025 2017 ae
1074 1984 1211 2017 maiora
1249 1985 1281 2017 ei
1323 1985 1359 2017 in
1390 1991 1611 2030 perpetuum
1649 1986 1878 2020 incrementa
1907 1986 2024 2018 addet.

333 2051 595 2095 Etymologiam
632 2063 827 2095 veramque
861 2052 1036 2084 sermonis
1068 2057 1235 2084 naturam
1273 2051 1335 2084 illa
1369 2051 1419 2084 ita
1450 2052 1590 2096 aperit,
1634 2057 1675 2085 ut
1704 2053 1817 2096 quid,
1851 2053 1906 2085 his
1937 2063 2027 2097 per-

334 2117 488 2161 spectis,
527 2118 687 2161 reperire
721 2117 859 2150 tandem
897 2117 999 2150 nobis
1033 2118 1162 2160 liceat,
1197 2128 1242 2149 ne
1282 2117 1490 2150 coniectura
1523 2118 1666 2162 quidem
1697 2118 1767 2150 huc
1787 2129 1903 2162 usque
1925 2129 2025 2150 asse-

334 2182 395 2225 qui
427 2182 617 2226 possimus.
672 2181 835 2214 Historia
873 2194 958 2216 vero
998 2193 1067 2215 non
1106 2182 1225 2214 minus
1256 2182 1322 2214 hoc
1361 2183 1486 2215 Studio
1507 2183 1673 2228 profecit.
1726 2183 1899 2216 Gentium
1925 2183 2024 2225 sata,

333 2248 358 2279 si
399 2248 436 2280 in
475 2248 669 2280 remotiora
717 2249 942 2292 antiquitatis
986 2253 1152 2293 tempora
1193 2248 1372 2292 inquiris,
1417 2260 1523 2292 quam
1569 2249 1724 2282 obscura
1765 2255 1873 2292 sunt,
1915 2261 2024 2293 quam

333 2313 520 2357 impedita!
581 2312 725 2345 Horum
765 2313 855 2345 illud
910 2314 1074 2347 tenebras
1127 2313 1230 2358 pellit
1268 2318 1303 2345 et
1336 2313 1493 2346 Annales
1527 2314 1749 2359 populorum
1791 2314 1938 2359 supplet
1986 2319 2023 2347 et

334 2384 451 2421 auget.
516 2378 570 2411 Ea
617 2379 711 2411 enim
768 2379 977 2423 linguarum
1011 2379 1257 2424 comparatio,
1304 2378 1512 2422 linguarum
1545 2379 1774 2412 formationes
1810 2391 1876 2425 per
1910 2379 2026 2413 multa

345 2443 464 2475 secula
495 2456 743 2490 persequens,
786 2444 871 2478 dum
915 2446 1049 2480 variam
1086 2445 1214 2478 harum
1250 2443 1375 2477 faciem
1412 2446 1520 2479 variis
1554 2445 1776 2490 temporibus
1809 2446 2025 2487 adumbrat,
