2196 2950
375 160 417 194 1ss
838 160 882 192 T.
945 160 992 193 G.
1054 156 1087 189 I.
1155 160 1584 196 IUYNBOLL

372 277 489 319 ipsum
536 274 708 317 urgebat,
750 279 815 316 ut,
865 275 966 308 nulla
1013 289 1115 311 mora
1164 278 1435 319 intercedente,
1462 277 1546 309 huic
1583 274 1821 309 incumberet.
1874 275 2060 311 HUMBRR-

374 351 477 381 Tirs,
513 338 582 371 Vir
626 338 828 382 Eruditus,
870 341 913 373 de
959 342 1155 389 disciplinis
1203 343 1293 376 bene
1331 344 1507 385 meritus,
1549 354 1630 375 cum
1665 353 1793 387 magna
1830 353 2060 375 nummorum

373 405 598 448 aliarumque
630 416 753 437 rerum
789 407 1066 452 suppellectile,
1106 410 1143 442 in
1173 409 1228 443 his
1264 407 1288 442 4
1327 409 1506 453 lapidibus
1536 408 1893 453 Carthaginiensibus
1930 413 1966 440 et
2002 409 2061 440 in-

372 471 576 515 scriptionis
620 470 820 515 Borgianae
858 473 1121 517 delineatione,
1165 486 1209 507 ex
1244 473 1369 507 Africa
1401 474 1445 506 ad
1479 485 1545 507 nos
1578 474 1747 507 redierat.
1816 474 1960 517 Quibus
1993 484 2062 506 an-

371 536 549 580 tiquitatis
590 536 751 580 reliquiis
795 549 816 569 a
853 537 951 582 Rege
981 538 1116 572 Nostro
1152 540 1298 571 coemtis
1334 544 1369 572 et
1398 538 1528 572 Museo
1567 538 1736 572 Leidensi
1765 540 1928 582 donatis,
1962 550 2063 573 Hum—

372 611 524 643 nmmo,
574 601 685 633 inscio
726 610 949 644 HAMAKERO,
988 609 1030 636 ut
1062 603 1125 636 has
1154 604 1434 649 inscriptiones,
1466 616 1548 638 cum
1587 605 1750 650 lapidum
1786 606 1955 648 illorum,
1984 611 2061 638 tum

372 667 586 711 Borgianam
632 666 737 709 edat,
789 667 1038 701 demandatur.
1105 669 1230 703 Huius
1273 670 1405 715 Operis
1455 670 1620 716 exempla
1660 670 1762 705 brevi
1797 677 1961 716 tempore
1996 682 2062 715 per

372 733 548 775 Galliam,
589 731 755 776 Angliam
794 738 829 765 et
870 732 1104 767 Germaniam
1152 735 1441 780 disperguntur;
1483 748 1554 780 quo
1602 736 1696 769 facto
1728 737 1927 770 verendum
1960 741 2060 777 erat,

371 811 442 842 ne,
476 800 529 831 his
565 799 804 831 monumentis
836 799 880 832 ab
910 799 1056 833 Exteris
1095 800 1310 845 explicatis,
1351 801 1490 845 gloria,
1525 813 1618 845 quae
1642 801 1786 834 Patriae
1818 808 1964 834 nostrae
1997 802 2063 835 soli

373 865 618 910 competebat,
665 865 748 898 huic
789 866 1008 910 eriperetur.
1073 865 1154 899 Hoc
1189 867 1306 911 ipsam
1338 867 1511 899 dedecore
1550 878 1617 899 sua
1650 866 1758 911 culpa
1796 866 2064 908 affici,11.im-

372 942 487 965 mantis
536 943 640 975 aegre
679 931 830 964 serebat.
892 932 1000 965 Edita
1046 944 1130 978 ergo
1172 945 1264 966 anno
1313 931 1403 968 1822
1431 932 1630 976 Diatn'be,
1664 933 1813 965 illorum
1849 943 2066 965 monumen-

372 1004 492 1030 torum
534 998 757 1030 Punicorum
803 998 1141 1043 interpretationem
1188 999 1403 1042 exhibente,
1453 1010 1578 1032 omnes
1612 999 1825 1044 praevertit.
1878 997 1958 1031 Hac
1995 1009 2065 1030 au-

375 1071 443 1096 tem
484 1065 602 1106 edita,
655 1063 724 1096 Vir
764 1063 964 1097 indefessus
1015 1065 1051 1097 in
1089 1065 1144 1097 his
1180 1077 1326 1109 quoque
1357 1065 1554 1098 subsistere
1592 1075 1665 1097 non
1702 1065 1835 1109 potuit.
1888 1063 2063 1096 Triennio

374 1135 454 1173 post
492 1129 700 1173 Epistolam
737 1129 869 1172 edidit,
900 1129 1039 1162 Gallice
1068 1135 1279 1173 exaratam,
1317 1132 1462 1164 missam
1496 1131 1546 1163 acl
1577 1129 1779 1163 Raoalium
1808 1128 2063 1170 Roclzettiam‚

374 1208 445 1239 qua
478 1196 748 1240 inscriptionem
775 1196 974 1241 explicaret
1008 1196 1261 1240 Plioenieiam,
1298 1198 1335 1230 in
1377 1197 1578 1241 Cyrenaica
1613 1201 1809 1241 repertam.
1862 1194 1963 1228 Haec
2000 1206 2065 1228 ve-

375 1274 415 1294 ro
462 1261 554 1295 alius
604 1263 753 1306 eiusque
792 1263 960 1305 maioris,
1001 1262 1133 1307 Operis
1165 1268 1243 1296 erat
1272 1263 1503 1307 prodromus.
1569 1261 1650 1296 Hoc
1685 1273 1778 1295 anno
1809 1261 1924 1294 nostri
1955 1260 2066 1294 seculi

375 1326 420 1361 28
459 1328 594 1360 editum
626 1328 839 1372 conseripsit
871 1327 1004 1370 latine,
1040 1326 1279 1361 miscellanea
1313 1327 1516 1361 Phoenicia
1545 1333 1824 1373 nuncupatum,
1860 1327 1958 1371 quod
1986 1339 2066 1359 mo—

373 1400 544 1426 numenta
585 1394 743 1426 nondum
789 1393 968 1438 explicata
1017 1393 1310 1438 interpretatur,
1359 1395 1429 1428 iam
1481 1395 1661 1440 explicata
1698 1393 1888 1437 emendat,
1922 1395 2067 1426 nomina

376 1471 482 1503 quam
520 1459 678 1504 plurima
713 1460 925 1502 hominum,
966 1461 1152 1504 regionum
1189 1460 1408 1504 urbiumque
1440 1460 1634 1503 enucleat,
1672 1460 1879 1504 multasque
1905 1460 2066 1503 quaesti-

374 1537 486 1567 ones,
534 1537 625 1568 quae
666 1525 887 1557 Phoenicum
922 1531 957 1557 et
993 1525 1235 1558 Orientalium
1267 1524 1568 1570 Graecorumque
1609 1531 1645 1558 et
1679 1525 1928 1558 Romanorum
1963 1523 2068 1557 Lite-

376 1604 434 1623 ras
471 1596 506 1623 et
544 1591 807 1633 Antiquitatem
844 1597 1032 1635 spectant,
1068 1603 1161 1623 nova
1192 1591 1272 1623 lucc
1302 1591 1505 1624 collustrat.
1573 1591 1640 1624 Sed
1670 1591 1756 1635 quid
1790 1590 1929 1635 plura?
1980 1588 2066 1623 HA—

380 1666 554 1689 uAKx-turn
601 1657 774 1698 novistis,
827 1655 1042 1697 Auditores,
1092 1656 1198 1688 huius
1248 1668 1393 1700 quoque
1448 1657 1558 1690 studii
1602 1658 1639 1689 in
1681 1657 1805 1689 Patria
1842 1662 1966 1689 nostra
2006 1658 2066 1689 in-

379 1729 629 1756 stauratorem.
700 1724 819 1764 Quem
867 1733 948 1753 cnm
993 1721 1101 1754 talem
1147 1721 1423 1765 praedicamus,
1476 1722 1581 1754 simul
1625 1733 1770 1766 quoque
1819 1727 1854 1754 et
1898 1721 2066 1755 lubenter

379 1789 601 1832 agnoscimus
634 1797 778 1830 Korrn,
817 1798 983 1830 GESENH,
1018 1787 1244 1831 aliorumque
1277 1787 1428 1829 merita,
1464 1787 1595 1831 quibus
1635 1789 1672 1820 in
1701 1788 1827 1832 primis
1859 1787 2066 1820 auctoribus

378 1856 441 1886 liae
493 1854 617 1885 literae
655 1858 781 1886 nostra
811 1858 927 1885 aetate
961 1864 1106 1897 magnos
1142 1864 1225 1885 suos
1260 1865 1474 1897 progressus
1512 1859 1677 1899 acceptos
1713 1853 1889 1886 referunt.
1954 1853 2066 1886 Multi

382 1922 451 1952 sint
487 1921 594 1964 primi
641 1920 816 1963 cuiusque
858 1919 987 1951 horum
1020 1925 1339 1952 monumentorum
1365 1919 1577 1964 interpretis
1610 1931 1778 1962 errores,
1817 1925 1854 1952 at
1884 1919 2067 1952 nihilomi-

381 1998 470 2026 nus,
503 1985 531 2016 si
569 1985 660 2017 viam
695 1985 750 2016 hic
785 1984 979 2026 straverit,
1014 1984 1096 2016 huic
1126 1985 1232 2017 etiam
1268 1996 1355 2017 suus
1388 1989 1528 2016 constat
1563 1984 1688 2017 honos.
1756 1983 1830 2017 Iter
1870 1984 1929 2017 aiii
1963 1985 2066 2016 dein-

383 2064 464 2095 ceps
516 2051 629 2083 inulto
669 2050 807 2083 facilius
839 2051 955 2082 denuo
985 2050 1215 2095 suscipiunt,
1253 2049 1454 2094 meliusque
1489 2056 1681 2095 peragunt.
1740 2050 1798 2083 Sic
1831 2050 2067 2082 emendantur

384 2128 547 2159 errores,
592 2117 729 2148 incerta
763 2115 989 2161 probabilia,
1028 2115 1229 2160 probabilia
1269 2115 1411 2147 tandem
1446 2121 1545 2148 certa
1579 2114 1684 2148 fiunt.
1739 2114 1947 2148 Gaudemus
1978 2115 2065 2148 alios

387 2185 515 2215 iterum
558 2182 758 2214 surrexisse
805 2182 911 2214 liuius
945 2181 1053 2213 studii
1083 2179 1266 2223 cultores,
1304 2180 1478 2225 nobisque
1513 2192 1702 2226 superesse
1736 2192 1945 2223 GESENXUM,
1981 2183 2064 2223 cui,

387 2259 504 2292 nuper
542 2259 686 2290 quoque
724 2246 863 2279 Studiis
897 2245 1227 2290 I’alaeograplzicis
1259 2245 1302 2277 de
1346 2246 1412 2278 hac
1453 2247 1559 2279 etiam
1603 2246 1751 2279 dialecto
1788 2246 1877 2278 bene
1913 2247 2066 2288 merito,

391 2327 596 2359 speramus,
635 2314 732 2357 sore,
771 2320 811 2346 ut
846 2313 1083 2347 Marmormn
1120 2311 1403 2346 Phoeniciorlmz
1441 2313 1546 2346 editio
1584 2313 1653 2357 ipsi
1689 2312 1840 2345 feliciter
1872 2312 1983 2345 cedat.
