2196 2950
342 189 388 222 50
838 178 1535 216 ANNOTATIO.

342 299 504 337 Praecipue
532 306 601 328 vero
625 294 822 326 memorabilis
850 298 894 325 est
921 293 1009 324 ardor
1042 294 1071 324 in
1101 292 1215 324 Literas
1246 292 1284 322 O.
1304 291 1363 330 0.,
1392 300 1449 329 quo
1477 289 1659 321 Batavorum
1682 289 1795 319 animos
1814 297 1865 318 suo
1891 290 2025 327 exemplo

342 359 456 390 inbuit.
508 357 612 396 Neque
644 354 862 393 Theologorum
894 353 987 392 adeo,
1021 353 1071 384 sed
1095 353 1220 383 aliarum
1243 350 1454 388 variarumque
1478 349 1710 387 Disciplinarum
1732 347 1936 380 Studiosorum
1959 349 2022 379 An-

343 418 545 455 tistitumque,
578 415 667 445 immo
697 424 788 453 vero,
822 413 897 453 quod
921 414 1091 452 ceteroquin
1115 422 1182 443 raro
1203 411 1356 449 cernitur,
1381 420 1415 440 ex
1437 409 1589 440 Nobilium
1611 408 1724 439 Ordine
1747 408 1893 440 Virorum.
1937 407 2026 439 Com-

343 481 545 508 memorantur
566 487 761 506 namuurum
785 487 848 505 vax«
872 486 1028 505 carram:
1042 498 1051 512 ‚
1074 473 1192 503 Gelriae
1211 470 1389 502 Cancellarii
1410 469 1505 508 filius,
1529 474 1558 500 et
1581 480 1775 507 nonnarum
1799 479 1932 499 Anonru.
1953 478 2027 499 von-

341 549 447 575 smcs,
462 535 540 566 Med.
559 535 639 565 Prof.
667 535 701 565 L.
720 534 775 573 B.‚
788 539 815 564 et
837 546 904 564 1011.
924 543 1104 570 naui-maus,
1131 531 1376 567 Iurisconsultus5
1391 529 1477 560 Pauli
1499 529 1632 560 Merulae
1655 529 1752 567 filius,
1767 541 1842 559 ουτ..
1868 540 2000 559 nannum
2013 552 2022 567 ,

342 597 412 636 qui,
433 596 488 626 nisi
518 605 595 626 mors
616 594 770 633 repentina
789 593 1022 631 intercessisset,
1045 591 1194 622 Coranum
1215 601 1282 621 cum
1304 589 1392 621 variis
1415 589 1508 622 Codd.
1531 589 1674 620 collatum
1695 588 1850 626 edidisset;
1875 588 1941 626 alii,
1964 588 2025 619 Viri

340 656 513 697 multiplicis
542 653 713 684 eruditionis
746 652 832 683 laude
863 651 1009 691 praeclari
1033 651 1080 690 (p.
1114 661 1253 690 17-19,
1289 649 1359 688 23).
1393 666 1427 672 —
1460 647 1598 687 Scripta,
1630 658 1706 687 quae
1728 660 1886 679 nummus
1909 647 2022 685 edidit,

340 717 409 746 satis
439 720 525 752 nota,
559 714 597 743 ibi
629 717 845 743 enumerantur
878 722 907 750 p.
936 719 1068 746 22-24.
1113 710 1212 740 Minus
1242 712 1313 738 uota
1345 711 1437 744 sunt,
1468 717 1543 745 quae
1576 708 1690 739 inedita
1714 708 1848 747 reliquit.
1892 707 2027 740 Conscri-

340 779 437 815 pserat
465 776 714 804 Grammaticam
742 775 987 813 Aetltiopicszm;
1017 773 1184 810 Syriacam
1206 777 1321 807 quoque
1356 772 1386 798 et
1409 769 1639 806 Chaldaicam,
1673 778 1763 806 quam
1784 773 1941 806 utramque
1962 773 2025 806 post

340 847 473 865 mensu
506 838 629 864 mortem
663 832 752 863 edidit
780 843 884 862 ουκ-ετ.
916 834 1140 867 ι’ωιηιῑῑωι,
1174 839 1209 859 ac
1239 827 1345 858 deinde
1377 838 1422 858 w·
1452 839 1638 858 novun-mun
1667 827 1702 857 L.
1723 827 1760 858 Β.
1784 830 1862 868 1659
1886 832 1933 859 80.
1967 828 2026 859 Pa-

340 896 427 926 rabat
458 904 542 934 porro
575 897 711 924 Lexicon
742 894 917 922 Arabicum
937 896 966 921 et
987 892 1216 921 Bibliotlzecam
1239 891 1454 924 Orientalem;
1476 888 1693 927 editionemque
1713 890 1824 930 Geogr.
1844 892 2026 928 Abulfedae

343 960 371 985 et
395 958 529 993 corant,
552 953 679 984 Arabice
704 957 733 983 et
754 952 860 983 Latine
881 962 949 982 cum
974 951 1063 982 variis
1087 950 1168 980 lectt.
1187 954 1216 980 et
1237 953 1329 986 nott„
1353 953 1441 988 atque
1467 952 1679 987 confutatione
1706 955 1735 980 et
1760 948 1916 980 indicibus.
1957 949 2029 980 Edi-

343 1017 451 1046 tionem
489 1014 613 1053 denique
647 1017 690 1044 N.
726 1017 760 1043 T.
793 1023 860 1044 cum
893 1012 982 1042 variis
1011 1012 1094 1042 lectt.
1122 1020 1282 1049 earumque
1309 1009 1538 1048 diiudicatione,
1572 1009 1672 1040 addita
1702 1008 1836 1040 versione
1865 1008 1934 1040 Lat.
1962 1009 2030 1049 Syr.

340 1076 434 1107 Arab.
465 1075 555 1106 Aetli.
580 1079 607 1105 ct
639 1074 781 1112 Armen„
817 1083 883 1103 cum
917 1073 969 1103 lat.
997 1081 1099 1102 earum
1121 1071 1255 1101 versione
1276 1074 1304 1100 et
1325 1069 1483 1100 collatione
1504 1069 1581 1099 inter
1600 1069 1668 1099 illas
1686 1069 1843 1108 instituta,
1873 1069 2029 1100 subtituto

349 1138 557 1166 Tabernacufli
579 1137 696 1165 Christi
717 1135 759 1175 (p.
781 1133 930 1173 25—27).
948 1149 984 1155 —-
1009 1131 1133 1162 Praeter
1153 1130 1286 1161 carmina
1306 1129 1336 1160 in
1356 1129 1470 1161 obitum
1493 1141 1626 1160 marmur
1647 1129 1779 1168 scripta,
1806 1129 1876 1160 huic
1895 1129 2028 1161 Orationi

345 1195 462 1227 additur
483 1195 640 1233 Catalogus
661 1193 753 1225 Codd.
773 1193 855 1224 MSS.
874 1192 969 1224 Arab.
987 1191 1070 1222 Pers.
1089 1191 1210 1221 Turcie.
1232 1190 1324 1221 Hebr.
1340 1190 1408 1230 Syr.
1425 1190 1566 1229 Malaic.‚
1591 1200 1663 1229 quos
1684 1188 1815 1228 reliquit.

381 1255 511 1286 hemma
543 1265 678 1293 comus,
702 1257 790 1283 natus
821 1252 924 1291 {lagae
948 1250 1094 1281 Comitum
1119 1260 1196 1281 anuo
1222 1251 1299 1291 1596
1323 1259 1357 1280 ex
1379 1249 1470 1280 nobili
1493 1259 1620 1288 genere,
1645 1248 1719 1279 duce
1743 1259 1878 1279 nummo
1902 1260 2022 1289 magnos

340 1316 368 1345 in
399 1314 506 1345 Litoris
532 1314 569 1344 O.
596 1313 633 1343 Ο.
666 1322 833 1352 progressus
866 1311 948 1342 fecit.
993 1309 1154 1341 Insatiabili
1186 1309 1216 1339 in
1245 1319 1294 1340 eas
1327 1309 1432 1339 ardore
1464 1308 1614 1348 flagrans,
1642 1319 1836 1347 zur-amun,
1871 1309 1921 1347 qui
1947 1319 2025 1339 anno

341 1378 441 1414 1622,
475 1376 587 1414 legatus
608 1374 645 1404 ad
667 1373 876 1404 Maroccanum
897 1371 1109 1412 Imperatorem
1134 1370 1331 1409 mittebatur,
1365 1370 1395 1401 in
1419 1370 1472 1401 hoc
1495 1370 1601 1401 itinere
1624 1370 1780 1400 comitatus
1802 1369 1876 1409 fuit,
1901 1381 2030 1410 cumque

339 1435 431 1466 Codd.
461 1435 540 1466 haud
573 1434 674 1473 paucis
704 1434 734 1464 in
765 1433 898 1463 Patriam
920 1431 1017 1462 rediit.
1061 1430 1203 1461 Emmo
1226 1440 1304 1460 auno
1332 1433 1410 1467 1622
1432 1435 1572 1469 mortuo,
1594 1430 1765 1461 Literarum
1789 1430 1826 1461 O.
1848 1430 1886 1462 O.
1908 1431 2029 1469 provin-

339 1495 383 1525 cia
398 1519 406 1533 ‚
428 1495 471 1525 uti
493 1499 521 1524 et
545 1493 732 1531 matheseos,
754 1492 838 1523 Golio
859 1501 937 1522 anno
955 1491 1088 1529 sequenti
1111 1490 1319 1521 mandabatur.
1363 1490 1510 1530 Linguam
1534 1490 1695 1520 Arabicam
1719 1500 1776 1529 quo
1796 1490 1901 1521 melius
1923 1500 2030 1530 cogno-

339 1559 453 1593 sceret,
483 1553 662 1592 Codicesque
691 1552 745 1583 sibi
765 1552 864 1590 plures
886 1555 1090 1590 compararet,
1122 1561 1200 1581 anno
1224 1552 1301 1581 1625
1326 1550 1452 1589 publicis
1479 1549 1614 1581 Civitatis
1646 1549 1791 1581 sumtibus
1822 1550 1878 1580 iter
1908 1550 1937 1581 in
1960 1551 2028 1581 Ori-

340 1619 437 1644 entem
469 1613 554 1652 fecit,
586 1613 665 1643 unde
694 1622 772 1642 anno
803 1614 880 1650 1629
902 1611 1014 1649 redux,
1048 1621 1118 1648 eas,
1143 1621 1216 1649 quas
1238 1610 1318 1650 dixi,
1341 1610 1513 1650 disciplinas
1535 1611 1572 1641 ad
1596 1621 1708 1641 annum
1732 1610 1831 1641 docuit
1851 1612 1948 1652 1667,
1972 1621 2028 1650 quo

340 1678 471 1703 mortuus
505 1677 559 1703 est.
603 1671 687 1703 Cous.
717 1683 865 1702 ffltoENB.
896 1672 916 1702 l.
939 1672 960 1702 l.
982 1671 1014 1709 Ι,
1036 1682 1065 1710 p.
1089 1674 1166 1707 135,
1193 1673 1247 1702 138
1262 1694 1271 1707 ,
1297 1674 1366 1706 184.
1388 1670 1436 1708 11,
1460 1681 1489 1709 p.
1514 1679 1548 1707 14
1570 1680 1630 1708 seq.
1649 1687 1690 1692 —
1709 1669 1796 1700 Edito
1822 1670 1930 1701 Lexico
1952 1672 2028 1702 Ara-

340 1734 404 1764 bico
428 1732 597 1771 notissimo,
618 1741 635 1762 e
656 1742 837 1762 mantuam
869 1731 978 1770 petito,
1014 1730 1167 1761 consilium
1192 1729 1297 1760 deinde
1317 1729 1434 1760 videtur
1456 1729 1552 1760 iniisse
1575 1741 1702 1759 crucan
1725 1728 1824 1760 Lexici
1845 1729 2027 1761 emendatius

339 1791 454 1822 edendi.
497 1792 560 1822 Hoc
591 1791 669 1822 enim
702 1802 828 1821 xantus:
854 1790 1019 1821 versionem
1047 1789 1167 1820 exhibet
1187 1788 1259 1819 adeo
1281 1798 1401 1827 pravam
1415 1813 1424 1828 ‚
1445 1793 1492 1827 et,
1514 1789 1614 1820 multis
1640 1788 1751 1819 omissis
1765 1813 1774 1827 ,
1798 1788 2001 1827 imperfectam
2017 1814 2026 1829 ,

342 1857 373 1882 ut
400 1861 434 1881 eo
463 1851 511 1881 vix
540 1851 581 1881 uli
608 1851 707 1889 possis.
751 1850 843 1880 Suum
878 1860 946 1889 ergo
983 1861 1115 1879 ornem
1150 1849 1317 1887 exemplum
1349 1858 1365 1878 e
1399 1848 1469 1879 Cod.
1503 1848 1632 1879 Arabico
1664 1849 1856 1887 suppleverat
1882 1848 1968 1879 simul
2000 1855 2028 1880 et

339 1911 571 1949 emendaverat,
594 1910 755 1949 crebraque
794 1910 984 1941 annotatione
1020 1914 1164 1947 auxerat,
1197 1908 1325 1939 collecta
1352 1918 1390 1939 ex
1419 1908 1484 1939 aliis
1518 1908 1765 1947 Lexicographis,
1790 1908 2025 1948 Glossatoribus,

342 1971 596 2012 scriptoribusque
625 1970 700 2002 varii
731 1969 866 2009 generis,
897 1978 1020 1999 numero
1043 1972 1082 2000 30
1096 1993 1104 2006 ,
1127 1972 1214 2006 atque
1238 1977 1273 1998 ex
1294 1967 1347 2006 iis,
1373 1977 1449 2006 quae
1471 1977 1506 1999 ex
1528 1977 1578 1998 ore
1600 1967 1805 2007 Praeceptoris
1827 1968 1872 1999 sui
1894 1967 2029 1999 Africani

343 2036 511 2070 acceperat.
561 2031 658 2061 Hocee
695 2030 859 2069 exemplum
895 2028 1021 2068 possedit
1052 2039 1262 2060 wunnerus.
1304 2027 1370 2060 vid.
1396 2028 1457 2059 eius
1494 2031 1602 2059 Solum
1637 2032 1696 2058 cet.
1724 2028 1745 2059 l.
1775 2028 1795 2058 l.
1826 2038 1854 2067 p.
1887 2030 1965 2066 161,
1999 2033 2028 2058 et

345 2090 472 2122 eiusdem
499 2093 588 2121 Orat.
607 2093 645 2121 de
678 2093 841 2120 retinenda
877 2093 1012 2131 antiqua
1042 2091 1239 2119 Batavorum
1264 2093 1299 2119 in.
1333 2092 1412 2119 Litt.
1445 2092 1482 2120 Ο.
1517 2091 1553 2119 Ο.
1582 2091 1689 2130 gloria
1725 2099 1754 2128 p.
1786 2093 1846 2127 25,
1874 2088 1917 2119 uti
1938 2088 2027 2120 eiiam

346 2151 490 2191 praefatio
522 2155 630 2181 Lexici
652 2153 720 2181 Cor.
743 2161 772 2189 p.
792 2149 843 2183 VI.

390 2211 425 2241 P.
455 2224 483 2252 9.
514 2211 567 2241 lin.
598 2215 628 2243 3.
683 2210 876 2241 Lunovxctm
917 2220 1063 2240 mavum.
1125 2208 1246 2239 Lunov.
1288 2220 1326 2238 m:
1369 2220 1449 2239 mnu
1492 2218 1570 2239 anno
1606 2211 1685 2249 ¹590
1716 2207 1883 2247 Flessingae
1919 2212 2026 2247 natus,

347 2271 520 2303 Prosessoris
550 2280 671 2301 munere
700 2271 730 2300 in
763 2269 857 2301 Acad.
879 2270 914 2300 L.
934 2269 971 2301 B.
998 2279 1057 2300 non
1077 2267 1198 2299 functus
1220 2272 1276 2299 est.
1328 2267 1402 2299 Erat
1424 2268 1534 2299 Orator
1556 2277 1640 2299 sacer
1660 2272 1762 2299 coetus
1783 2267 1867 2298 Leid.
1890 2272 1918 2299 et
1940 2268 2028 2299 simul

347 2342 422 2362 unus
443 2341 478 2362 ex
511 2330 674 2362 Praefectis
691 2330 812 2370 collegii
826 2354 835 2369 ‚
859 2330 934 2369 quod
953 2329 990 2360 ab
1012 2329 1176 2360 Ordinibus
1197 2327 1374 2359 Hollandiae
1394 2339 1473 2359 anno
1499 2332 1578 2370 1592
1597 2327 1769 2367 conditum,
1791 2328 1829 2359 ab
1854 2328 1898 2360 bis
1919 2337 2026 2360 nomen

353 2391 481 2422 habebat
505 2391 838 2432 (Staten·Collegie).
859 2389 900 2421 cs.
920 2401 1117 2420 smonxzurzx
1138 2389 1158 2419 l.
1181 2389 1201 2419 l.
1224 2387 1260 2427 1,
1283 2398 1312 2426 p.
1332 2391 1462 2430 59-61.
1483 2388 1533 2428 ll,
1554 2399 1583 2427 p·
1605 2399 1676 2428 291.

394 2451 427 2481 P.
449 2463 479 2491 9.
501 2452 553 2483 lin.
575 2454 604 2487 6.
647 2454 802 2483 Nonnulli
824 2469 860 2477 -ω
886 2454 1064 2482 instituunt.
1100 2449 1135 2483 V.
1154 2460 1182 2480 c.
1210 2447 1246 2478 de
1267 2447 1346 2480 Dicu
1364 2448 1393 2480 in
1413 2450 1550 2480 Gramm.
1571 2451 1668 2490 llngg.
1691 2449 1727 2478 O.
1751 2449 1787 2479 O.
1808 2447 1844 2480 L.
1866 2448 1902 2479 B.
1928 2450 2025 2482 16283
