2196 2950
365 197 410 232 30
829 193 875 226 Τ.
941 193 989 226 G.
1054 192 1083 226 Ι.
1148 191 1579 226 IUYNBOLL

363 310 459 343 tibus
493 309 535 342 ad
573 308 679 340 dubia
704 306 879 340 movenda
896 331 906 349 ,
933 306 1088 339 obseura
1112 306 1328 340 illustranda
1346 332 1356 350 ,
1383 307 1549 352 ignorata
1574 305 1832 351 patefacienda.
1885 306 1936 340 Hi
1968 307 2050 341 fru-

363 383 440 409 ctus
488 374 636 406 fuerunt
676 373 752 406 eius
794 371 984 415 laborum,
1027 383 1117 416 quos
1162 373 1197 405 in
1245 371 1410 405 Numinis
1452 372 1653 405 Phoeniciis
1685 371 1906 416 Punicisque
1941 378 2050 416 atque

363 440 596 472 llasilioliaeis
641 438 891 472 collocaverat.
956 438 1006 470 Hi
1048 438 1154 470 etiam
1196 438 1304 470 studii
1346 438 1398 471 rei
1434 437 1596 470 Arabum
1636 437 1929 471 Numismaticae.
1991 438 2048 470 Sic

361 508 495 538 sactum
537 510 613 546 est,
651 509 693 536 ut
725 503 889 536 Munteri
928 503 1155 546 aliorumque
1180 502 1355 535 Virorum
1382 514 1520 546 aequus
1546 503 1673 546 iudex,
1700 503 1891 546 iustusque
1918 514 2049 547 praeco

360 570 556 611 existeret,
592 574 707 612 utque
748 569 939 601 arctiorem
986 579 1065 600 cum
1107 567 1286 600 Fraehnio
1335 567 1615 601 familiaritatem
1658 568 1790 610 iniret,
1831 567 2050 612 Palaeogra-

361 636 464 680 phiac
497 634 780 677 Historiaeque,
808 638 885 666 tum
912 633 1129 666 Semitarum
1147 657 1157 676 ,
1197 638 1273 666 tum
1311 633 1423 666 totius
1453 633 1616 666 Orientis
1652 638 1687 666 et
1724 633 1927 666 Occidentis
1956 630 2063 677 quo-⁷

361 712 430 744 quc
468 700 704 733 utilissimam.

406 766 659 799 Emolumenta
685 776 815 809 nempe
845 764 962 798 Studii
990 763 1218 808 Linguarum
1254 762 1505 797 Semiticarum
1523 789 1533 807 ,
1567 764 1596 797 si
1625 765 1705 809 quis
1737 765 1844 798 huius
1875 764 2047 798 ambitum

361 839 430 865 tam
463 832 534 864 lato
573 831 765 874 extendat,
801 842 874 863 non
908 830 1012 863 modo
1043 829 1248 862 redundant
1285 829 1322 862 in
1352 829 1449 874 ipsas
1489 840 1546 862 res
1578 829 1820 872 Semitarun13
1846 831 2049 864 redundant

358 899 463 932 etiam
499 899 535 931 in
575 897 773 930 Historiam
805 896 1045 929 remotiorum
1063 894 1182 929 Asiae
1211 897 1392 940 gentium.
1445 893 1565 928 Armis
1595 895 1784 929 Islamismi
1811 896 1854 928 ad
1873 895 1936 929 has
1958 908 2048 941 pro-

359 965 466 1006 latis,
508 963 682 1007 cultuque
727 962 988 996 Mohammedis
1025 966 1200 1007 recepto,
1243 973 1283 994 ac
1315 960 1439 1006 lingua
1470 961 1624 994 Arabica
1660 973 1682 995 a
1708 961 1829 995 Persis
1860 962 2048 1006 diligenter

358 1029 524 1072 exculta,
557 1028 722 1073 stlogoll,
753 1027 788 1061 T
786 1039 919 1070 arcae,
947 1026 1149 1072 Assrlzani‚
1186 1026 1275 1060 Indi
1307 1027 1344 1059 in
1378 1025 1540 1060 Arabicis
1579 1026 1804 1070 Annalibus,
1835 1027 1878 1060 ab
1915 1026 2047 1061 Arabi—

358 1096 422 1128 bus
466 1096 659 1139 Persisque
721 1094 959 1139 conscriptis,
1011 1098 1241 1138 comparent,
1294 1094 1382 1137 quin
1437 1092 1552 1126 Russi
1597 1093 1728 1136 etiam,
1775 1104 1932 1137 quorum
1989 1105 2047 1126 res

354 1163 437 1194 olim
467 1167 583 1206 gestas
621 1160 822 1194 Fraehuius
861 1171 905 1193 ex
941 1158 1212 1192 Ibn-Foslane
1252 1159 1374 1202 eruit,
1406 1158 1540 1203 aliique
1567 1158 1723 1203 populi,
1764 1158 1872 1191 rebus
1907 1157 2047 1192 Mosle-

357 1239 497 1261 morum
528 1226 653 1259 deinde
683 1226 874 1270 impliciti,
913 1225 1059 1258 minime
1088 1224 1322 1258 omittuntur.
1375 1222 1416 1256 In
1450 1223 1522 1256 illis
1557 1229 1677 1256 autem
1709 1235 1782 1257 non
1821 1224 1949 1257 leviter
1979 1224 2047 1257 ha-

357 1306 436 1327 rum
475 1293 634 1338 gentium
673 1291 747 1324 sata
786 1290 1074 1332 adumbrantur,
1119 1288 1179 1321 sed
1214 1288 1257 1320 de
1286 1288 1441 1333 pristina
1469 1299 1596 1321 earum
1616 1289 1821 1322 conditione
1837 1294 1874 1322 et
1897 1290 2048 1333 origini-

357 1360 447 1401 bus,
499 1359 541 1391 de
571 1356 730 1390 moribus
763 1361 799 1389 et
837 1355 1096 1399 religionibus,
1133 1354 1177 1387 de
1211 1352 1346 1387 Literis
1378 1359 1414 1387 et
1450 1354 1601 1398 Scriptis
1636 1353 1755 1386 dedita
1784 1365 1895 1399 opera
1930 1355 2047 1387 inter-

355 1426 439 1457 ‹lum
471 1424 601 1468 agitur.
632 1442 681 1448 —-
712 1420 1032 1463 Animadvertitis,
1063 1418 1130 1453 A.!
1161 1419 1248 1464 quid
1281 1419 1472 1453 debeamus
1515 1419 1681 1464 Operum
1702 1419 1848 1452 illorum
1869 1418 2047 1452 Arabico-

353 1501 433 1522 rum
478 1488 710 1521 Eelitoribus!
756 1487 843 1531 quid
894 1485 1065 1530 Anglicae
1095 1485 1193 1529 genti
1225 1485 1467 1529 praesertim,
1509 1490 1545 1518 et
1580 1484 1666 1518 haec
1699 1491 1736 1518 et
1771 1496 1857 1519 vero
1891 1484 2045 1518 aliorum

355 1555 460 1587 ctiam
494 1554 540 1587 O.
570 1553 615 1586 O.
652 1552 874 1598 populorum
901 1552 1044 1596 Scripta
1070 1551 1262 1584 innumera
1284 1551 1447 1584 maximis
1476 1551 1648 1596 impensis
1678 1551 1722 1583 ad
1749 1549 1929 1596 publicam
1954 1562 2047 1595 pro-

356 1619 487 1652 ferenti
531 1619 723 1660 notitiam,
771 1617 873 1650 nulla
921 1628 1093 1660 umquam
1137 1616 1331 1649 deterritae
1368 1617 1404 1649 iu
1437 1616 1682 1649 Orientalium
1714 1616 1825 1649 rebus
1862 1616 2044 1660 pervesti-

355 1685 478 1727 gandis
508 1682 744 1725 difficultate,
782 1682 1001 1727 optimisque
1035 1681 1089 1713 his
1120 1679 1348 1725 perficiendis
1379 1681 1578 1714 instructae
1614 1681 1793 1714 subsidiis.
1846 1680 2044 1717 Conatjbus

356 1751 449 1782 enim
503 1749 647 1782 illorum
695 1748 913 1781 edendorum
951 1745 1100 1779 mirifice
1138 1745 1288 1788 favens,
1322 1744 1560 1790 Antiquitatis
1595 1746 1766 1790 reliquias
1804 1746 2046 1789 undecunque

355 1815 548 1859 anquirere
593 1813 699 1847 simul
749 1812 895 1856 studet,
943 1810 1142 1856 nostraque
1182 1812 1378 1856 praecipue
1409 1817 1526 1844 aetate
1557 1811 1852 1855 Peregrinatores
1885 1811 2042 1853 excitat,

354 1879 463 1913 Viros
507 1880 740 1926 praeclaros,
779 1878 984 1922 longissima
1013 1887 1080 1922 per
1117 1877 1267 1910 mediam
1310 1875 1431 1909 Asiam
1467 1876 1601 1909 itinera
1634 1876 1894 1920 suscipientcS,
1935 1881 2045 1919 atque

355 1947 575 1979 atrocissima
623 1944 786 1990 pericula
830 1943 952 1976 subire
989 1942 1085 1975 haud
1130 1941 1418 1974 reformidantes.
1481 1940 1563 1974 Hos
1589 1942 1788 1984 attendite,
1817 1946 1955 1974 montes
1982 1952 2046 1973 su-

356 2017 547 2056 perantes,
573 2010 715 2044 nivibus
750 2015 862 2043 tectos
892 2008 1069 2050 aeternis,
1097 2007 1207 2052 inque
1233 2012 1353 2040 terrae
1370 2007 1575 2052 penetralia
1596 2007 1877 2049 descendentes3
1906 2006 1943 2039 in
1968 2005 2047 2038 loca

359 2078 479 2119 ignota
516 2087 668 2120 prorsus
701 2075 922 2116 subeuntes,
956 2078 1189 2106 monumenta
1218 2072 1375 2106 incertae
1407 2073 1515 2118 plane
1545 2073 1694 2118 originis
1718 2072 1959 2117 reperientes,
1985 2082 2046 2103 sa-

359 2142 475 2173 craria
508 2140 711 2182 intrantes,
751 2139 847 2172 omni
880 2137 1052 2172 memoria
1081 2137 1302 2182 antiquiora!
1355 2139 1543 2181 Quaenam
1579 2137 1647 2171 A.!
1688 2149 1731 2171 ex
1765 2138 1820 2170 his
1855 2135 2043 2169 itineribus

360 2208 394 2238 in
437 2210 623 2250 posterum
678 2205 871 2249 speranda!
917 2215 1120 2249 quaenam,
1151 2203 1181 2236 si
1210 2202 1273 2236 has
1317 2202 1635 2248 Peregrinatorum
1666 2202 1922 2247 descriptiones
1962 2212 2042 2233 cum

362 2270 535 2304 Veterum
572 2270 689 2303 effatis
725 2281 765 2302 ac
795 2269 1051 2304 Recentiorum
1082 2267 1266 2301 laboribus
1302 2270 1516 2314 componas!
1564 2269 1727 2314 Tempus
1758 2274 1835 2301 tum
1873 2267 1948 2300 sine
1972 2268 2042 2300 du·—

362 2338 417 2369 bio
454 2338 588 2378 instat,
621 2347 691 2379 quo
727 2346 767 2368 ca
801 2346 885 2380 pars
921 2335 1018 2368 orbis
1049 2340 1255 2377 terrarum,
1301 2345 1521 2367 summarum
1553 2346 1675 2368 rerum
1710 2333 1794 2366 olim
1827 2332 2043 2366 incunabula

363 2409 395 2433 vt
430 2403 630 2444 theatrum,
671 2401 872 2445 Europaeis
904 2401 1047 2434 tandem
1076 2400 1218 2445 cognita
1251 2404 1287 2432 et
1314 2405 1506 2445 perspecta
1537 2398 1610 2433 fiat.

413 2466 509 2499 Hac-c
544 2473 661 2500 tamen
699 2467 872 2509 consilia,
912 2465 1037 2511 Anglis
1068 2477 1108 2499 ac
1143 2465 1444 2510 praepotentibus
1476 2477 1601 2500 eorum
1636 2464 1872 2499 Societatibus
1910 2464 2039 2508 digna,
