2196 2950
352 177 395 212 3¹1
822 176 866 209 T.
933 175 979 208 G.
1047 174 1076 207 I.
1140 173 1575 208 IUYNBOLL

353 293 528 337 elegantia
577 297 612 323 et
657 289 811 323 salibus:
847 294 885 322 at
926 300 1010 322 suas
1047 299 1194 333 quoque
1238 287 1300 320 illa
1341 287 1449 321 habet
1491 288 1658 322 virtutes.
1719 290 1822 332 Quae
1859 291 1925 322 etsi
1965 302 2039 324 non

352 358 428 390 vius
477 357 546 388 sint
590 354 791 398 efficaciae,
838 360 880 388 ut
920 355 1000 387 illos
1038 354 1240 399 Scriptores
1272 358 1456 397 tamquam
1492 354 1657 399 exempla
1693 354 1823 398 aliquis
1855 367 2039 389 commen-

351 423 430 463 det,
474 421 536 453 hos
573 426 720 464 tamen,
764 421 917 466 optimos
954 420 1091 465 quippe
1123 419 1250 452 aetatis
1283 431 1370 452 suae
1404 425 1541 463 testes,
1575 425 1610 453 et
1635 432 1695 453 eos
1725 421 1913 465 diligenter
1949 434 2039 455 con-

350 486 467 518 sulere
513 491 679 530 oportet,
718 486 781 530 qui
826 486 987 530 gentium
1027 484 1336 528 humanitatisque
1378 483 1545 529 historia,
1593 492 1629 519 et
1662 498 1747 521 vero
1785 499 1934 529 omnes,
1976 490 2040 532 qui

349 551 456 584 rebus
498 551 652 596 politicis
697 551 981 596 contemplandis
1029 555 1280 596 occupantur,
1321 556 1517 596 praecepta
1564 551 1609 584 ab
1634 552 1705 585 illis
1739 553 1871 586 tradita
1902 554 2037 598 depre—

348 617 548 659 hensuros,
597 627 690 659 quae
737 627 879 661 semper
914 616 1192 660 expendantur,
1234 616 1451 660 dignissima.
1504 616 1742 651 Laudandum
1781 624 1835 651 est
1874 619 2038 664 profecto

348 684 529 727 inceptum
567 681 899 724 NIEBL‘11R11,illud
930 681 1164 726 Scriptorum
1200 679 1342 726 Corpus
1378 682 1610 726 mentientis,
1638 683 1818 717 laudanda
1854 685 2034 728 aliorum,

346 748 452 779 hocce
503 746 607 792 Opus
649 752 731 792 post
763 753 915 780 mortem
960 747 1058 780 illius
1096 748 1264 781 alacriter
1296 747 1607 792 continuantium,
1641 749 1835 793 diligentia.
1897 750 2036 784 Hmi-

347 823 486 855 KnRus,
528 824 634 845 suum
670 813 801 856 cuique
843 813 1019 846 auxilium
1056 825 1199 858 semper
1223 819 1413 858 praestans
1431 838 1440 856 ‚
1468 813 1551 845 huic
1576 814 1662 846 item
1688 813 1805 858 Operi
1829 816 2035 849 exornando

344 889 380 909 se
427 878 640 910 subtrahere
690 878 818 911 noluit.
883 878 1173 911 CnALcoNDYLAE
1215 890 1341 911 curam
1379 879 1417 910 in
1448 889 1484 910 se
1524 884 1747 923 susceperat.
1811 880 1930 922 Quem
1964 882 2036 913 du-

344 944 428 976 ‹lum
473 943 617 988 quidem
664 945 846 988 cognitum
892 944 1090 988 habemus,
1130 944 1192 977 sed
1222 950 1296 977 tam
1332 943 1474 976 sordide
1510 943 1673 986 editum,
1716 949 1759 976 ut
1792 944 1853 978 vix
1883 944 2036 989 intelligi

344 1011 470 1054 possit.
534 1009 692 1042 Textuin
741 1021 825 1054 ergo
872 1011 953 1054 quis
991 1021 1065 1043 non
1098 1014 1306 1055 exoptasset
1344 1009 1551 1052 meliorem,
1579 1008 1622 1042 ab
1656 1019 1877 1052 HAMAxERo,
1918 1011 2035 1054 quoad

345 1074 421 1107 lieri
458 1075 588 1118 liceat,
626 1075 875 1118 emendatum,
919 1081 1030 1119 atque
1077 1081 1259 1120 perpetua
1298 1074 1408 1118 Viri,
1451 1075 1490 1107 in
1523 1075 1673 1107 historia
1711 1075 1858 1108 illorum
1892 1081 2037 1121 tempo-

343 1151 423 1171 rum
460 1140 719 1183 versatissimi,
767 1142 999 1173 annotatione
1047 1140 1296 1174 instructum?
1355 1141 1459 1184 Quae
1502 1140 1596 1173 enim
1633 1151 1909 1173 CHALCONDYLAS
1945 1152 2034 1174 con—

344 1206 513 1250 scripsit,
566 1205 714 1239 Graecis
762 1212 798 1240 et
841 1206 1090 1240 Orientalibus
1138 1206 1299 1240 fontibus
1343 1207 1583 1252 comparatis,
1630 1218 1768 1240 summo
1799 1219 1881 1240 cum
1915 1207 2034 1240 studio

343 1271 525 1304 illustrare
568 1272 643 1304 sine
685 1272 760 1304 ullo
795 1273 903 1305 dubio
951 1273 1168 1306 studuisset:
1215 1278 1325 1316 atque
1364 1273 1415 1305 ita
1449 1273 1546 1305 haud
1576 1272 1752 1305 minorem
1791 1271 1934 1305 laudem
1967 1272 2034 1305 sibi

342 1336 585 1380 conciliasset,
626 1348 733 1381 quam
767 1336 907 1370 Libello
938 1338 981 1370 de
1017 1337 1323 1382 Expeditionibas
1353 1338 1392 1370 in
1423 1337 1670 1381 Dimyatlzam
1706 1338 1895 1382 susceptis.
1948 1339 2032 1381 Quo

341 1402 434 1434 vdito
473 1403 567 1435 dicta
600 1415 666 1436 sua
708 1405 848 1448 egregie
893 1403 1144 1447 confirmavit,
1179 1403 1328 1436 docendi
1359 1415 1490 1436 munus
1527 1404 1564 1435 in
1593 1403 1701 1436 hocce
1738 1402 1922 1436 Athenaeo
1957 1415 2032 1448 pu·-

343 1468 430 1500 blico
473 1469 691 1513 capessentis
709 1494 719 1512 ,
768 1470 942 1502 Oratione
983 1470 1104 1503 habita
1148 1470 1193 1502 <le
1229 1468 1383 1502 Graecis
1415 1469 1635 1513 Latinisque
1676 1469 1880 1502 Historicis
1911 1468 2032 1502 Medii

342 1535 437 1567 flevi
463 1546 505 1567 ex
541 1534 792 1568 Orientalibus
815 1535 986 1580 sontibus
1017 1535 1262 1568 illustrandis.

395 1666 447 1697 De
488 1666 660 1709 hminis,
706 1672 748 1699 ut
791 1667 943 1709 vidctis,
988 1667 1049 1699 illo
1089 1668 1144 1700 die
1197 1667 1336 1700 solenni
1383 1668 1488 1699 ctiam
1527 1667 1709 1700 disseruit.
1762 1666 1838 1700 Noc
1876 1668 2027 1700 mirum!

351 1731 504 1774 Uentis,
549 1733 707 1764 omnium
753 1732 828 1765 fere
865 1737 1043 1775 aetatum,
1083 1734 1342 1776 variorumque
1378 1732 1600 1777 populoru1n
1637 1744 1694 1765 res
1721 1738 1837 1776 gestas
1870 1733 2032 1778 comple-

354 1798 492 1838 imnis,
537 1796 788 1829 Romanorum
830 1809 944 1841 acque
987 1809 1027 1830 ac
1072 1796 1297 1831 Graecorum
1343 1798 1595 1841 antiquitatem
1641 1797 1857 1842 explorare,
1893 1799 2032 1831 intere-

345 1870 409 1895 rat.
463 1863 514 1895 Ac
551 1861 795 1896 Romanorum
828 1863 978 1896 historia
1008 1864 1148 1908 quoties
1188 1863 1297 1897 rebus
1334 1863 1575 1896 Orientalium
1606 1863 1781 1907 implicita
1814 1863 1901 1896 fuit!
1953 1863 2032 1897 Ro-

356 1942 403 1960 m!
437 1935 468 1960 et
510 1928 722 1973 Carthago,
759 1941 867 1973 quam
905 1930 1076 1962 dilectum
1104 1935 1358 1973 argumentum
1389 1929 1614 1962 Punicorum
1635 1930 1821 1961 Studioso!
1874 1929 1923 1962 Et
1949 1941 2035 1974 gra-

351 1996 533 2027 vissimum
577 2006 661 2027 sane
710 1995 1023 2039 frugiferumque,
1075 2006 1229 2028 GEsnxlo
1273 2000 1308 2027 ct
1345 2005 1544 2027 nnmxnno
1581 1994 1856 2039 interpretibus.
1908 1993 2030 2027 Huius

362 2059 584 2092 'lise-ellmwa
614 2060 813 2093 Phoenicia
849 2062 979 2094 iteruin
998 2087 1007 2104 ,
1046 2072 1202 2105 quaeSO,
1248 2059 1416 2094 evolvite!
1478 2059 1678 2093 Testantur
1713 2060 1799 2092 haec
1824 2060 2032 2093 interiorem

348 2128 422 2158 «aius
468 2138 548 2158 cuin
598 2125 736 2159 Latinis
785 2127 1030 2172 Scriptoribus
1073 2127 1376 2168 sa1niliaritate1n5
1429 2127 1525 2160 locos
1566 2126 1678 2159 Vobis
1722 2126 1906 2169 offerunt,
1949 2126 2032 2159 data

348 2192 555 2234 occasione,
606 2192 802 2236 explicatos
846 2195 1137 2237 emendatosque.
1177 2211 1225 2217 —
1257 2193 1568 2237 Carthaginienses
1600 2198 1722 2225 autem
1753 2192 1899 2234 dicens,
1934 2191 2030 2224 haud

351 2259 431 2290 mihi
482 2264 684 2303 temperare
726 2271 843 2303 queo,
881 2261 968 2304 quin
993 2260 1090 2293 aliud
1125 2259 1202 2292 eius
1239 2258 1408 2292 indefessi
1439 2259 1571 2292 laboris
1607 2258 1786 2304 specimen
1820 2256 2028 2302 proferam,

352 2325 468 2367 quod,
514 2326 542 2357 si
586 2324 721 2369 publici
761 2325 850 2358 iuris
887 2325 1021 2359 sactum
1053 2325 1210 2367 suisset,
1251 2335 1371 2357 omnes
1400 2324 1609 2358 Litcrarum
1641 2328 1800 2356 amantes
1832 2329 1934 2367 grato
1968 2335 2032 2356 ac-

352 2392 526 2434 ropissent
559 2392 689 2424 animo.
757 2391 938 2424 Tabulam
969 2391 1128 2435 intelligo
1160 2396 1294 2435 portus
1327 2389 1587 2436 Cctrtlzagirzis,
1625 2401 1669 2423 ex
1705 2389 1895 2422 collatione
1929 2389 2034 2423 Lati-

357 2466 479 2488 norum
525 2459 776 2503 Scriptorum,
825 2469 867 2490 cx
914 2458 1016 2492 novis
1060 2457 1202 2502 l’olybii
1236 2457 1473 2502 fragmentis,
1517 2470 1537 2490 a
1568 2456 1666 2490 Maio
1693 2458 1874 2501 repertis,
1910 2467 1954 2489 ex
1990 2456 2033 2488 iis
