2196 2950
362 177 406 209 23
825 172 1573 206 '1¹.G.1.11JYNBOLL

367 287 512 320 tatione.
576 285 670 318 Illud
709 285 802 316 enim
818 310 829 328 ,
858 285 977 329 quod,
1004 285 1138 318 latente
1163 285 1299 330 origine
1316 310 1326 328 ,
1354 286 1517 319 omnibus
1543 286 1804 331 interpretibus
1829 287 1900 319 huc
1927 299 2040 332 usque

365 352 540 384 molestias
579 355 790 392 creaverat,
837 355 879 382 ut
917 361 1137 383 HAMAKERUS
1185 352 1233 383 ibi
1282 352 1427 394 docuit,
1464 352 1508 384 ab
1544 352 1751 396 Epiphanio
1785 352 1924 385 Graece
1957 365 2042 387 ver-

363 428 467 457 sum,
519 414 653 447 sontem
696 415 847 458 habuit,
889 416 1038 448 Graecis
1066 416 1181 448 multo
1220 416 1449 459 uberiorem,
1477 416 1710 449 Hebraicum.
1767 417 1915 450 Titulus
1942 418 2045 463 Ope-

364 482 413 512 ris
439 480 632 523 Hebraici,
661 479 752 513 liber
788 481 974 513 nominum
993 481 1172 523 Israelis,
1202 487 1242 514 ut
1266 494 1287 514 a
1312 493 1457 515 WOLFIO
1487 482 1639 526 aliisque
1665 482 1893 515 Iudaicorum
1929 482 2044 515 libro—

362 559 443 579 rum
485 547 748 591 Bibliographis
802 558 983 590 nusquam
1026 552 1352 590 commemoratur,
1404 548 1455 580 ita
1486 553 1604 580 textus
1638 547 1850 580 Hebraicas
1885 548 2044 580 nondum

362 617 531 657 repertus
571 617 636 644 est.
689 611 810 644 Huius
858 611 942 644 libri
989 613 1210 656 antiquitas,
1251 624 1343 655 quae
1373 613 1489 645 adhuc
1524 612 1665 646 definiri
1694 615 1847 657 nequit,
1886 625 1966 646 cum
2000 625 2043 645 ex

361 683 571 722 argumento
617 682 652 708 et
698 677 835 709 dicendi
884 678 1024 710 ratione
1068 677 1205 720 elucet,
1244 682 1322 709 tum
1367 677 1412 709 ob
1446 689 1609 722 magnam
1645 679 1722 711 eius
1753 679 1848 711 inter
1877 679 2044 722 antiquos

362 743 582 774 Christianos
633 742 915 774 aestimationem
956 748 991 775 et
1033 743 1294 785 auctoritatenr
1330 743 1433 774 nullo
1471 743 1578 775 dubio
1615 750 1668 776 est
1707 743 1870 776 obnoxia.
1924 744 2043 777 Medio

361 808 454 840 enim
491 812 635 839 nostrae
673 818 776 839 aerae
810 808 929 840 seculo
962 808 1070 840 tertio
1112 807 1290 852 Origenes
1324 807 1605 850 traditionibus,
1654 809 1738 840 huic
1770 809 1891 841 libello
1925 810 2042 842 inser-

364 876 429 915 tis,
457 874 526 905 iam
553 885 640 905 usus
683 884 758 905 esse
798 873 954 906 videtur.
1018 873 1246 918 Epiphanius
1286 877 1434 916 postea,
1471 883 1516 904 ex
1551 872 1694 905 Iudaeis
1731 872 1947 906 Parentibus
1976 886 2044 906 na—

363 946 447 981 tus,
475 939 570 971 hunc
606 940 746 983 primus
787 939 939 972 sortasse
977 936 1114 972 Graece
1152 938 1262 973 vertit
1291 944 1327 970 et
1359 938 1396 970 in
1425 939 1677 983 compendium
1712 939 1860 983 redegit.
1922 939 2036 972 Doro·

361 1006 488 1046 theus,
531 1004 597 1036 sub
626 1003 731 1036 finem
766 1005 877 1037 seculi
907 1005 1024 1048 tertii,
1064 1010 1106 1037 ut
1136 1003 1309 1047 exemplis
1344 1003 1539 1048 probaret,
1578 1003 1687 1037 Viros
1723 1011 1865 1037 sanctos
1899 1004 1943 1037 ab
1979 1016 2043 1037 or-

360 1069 413 1101 bis
448 1075 629 1102 terrarum
661 1070 771 1102 initiis
802 1070 845 1101 ad
878 1069 1073 1102 Iohannem
1109 1069 1312 1114 Baptistam
1349 1080 1464 1112 usque
1498 1075 1677 1113 perpetuo
1712 1070 1755 1102 ad
1788 1070 1816 1102 I.
1843 1070 1883 1102 C.
1917 1082 2046 1116 respe-

360 1137 478 1176 xisse,
528 1146 658 1168 novam
706 1135 923 1177 editionem,
962 1132 1215 1179 Epiphanianzi
1251 1133 1477 1177 breviorem,
1509 1135 1664 1178 paravit.
1717 1134 1852 1168 Variae
1887 1136 1953 1168 hac
1984 1149 2047 1170 ra-

360 1201 455 1232 tione
494 1199 597 1232 Libri
635 1200 732 1233 illius
775 1200 947 1233 Hebraiei
991 1201 1217 1233 recensiones
1251 1204 1352 1232 ortae
1381 1205 1490 1242 sunt,
1527 1199 1616 1232 aliae
1657 1198 1846 1243 Graecae,
1883 1200 2045 1235 Latinae

360 1266 594 1311 probabiliter
639 1266 740 1299 aliae.
804 1268 974 1310 Quatuor
1021 1267 1244 1299 recensiones
1278 1276 1498 1298 HAMAKERUS
1535 1265 1698 1308 invenit,
1737 1277 1892 1309 quarum
1925 1269 2047 1301 varie-

360 1339 476 1366 tatum
505 1344 628 1365 causas
666 1338 701 1365 et
733 1333 888 1376 origines
929 1333 1123 1376 indagavit.
1176 1330 1318 1375 Quibus
1349 1331 1515 1363 omnibus
1556 1331 1751 1375 expositis,
1785 1343 1880 1365 unus
1916 1333 1959 1366 de
1981 1334 2046 1366 hoc

362 1397 474 1431 Libro
506 1399 616 1443 magis
652 1399 810 1441 meruit,
838 1410 945 1442 quam
978 1399 1120 1441 cuncti,
1151 1402 1329 1442 quotquot
1369 1397 1454 1429 olim
1489 1397 1585 1429 hunc
1616 1396 1811 1430 ediderant.

408 1595 450 1627 In
493 1597 546 1628 his
594 1606 678 1628 vero
726 1594 874 1627 uberius
924 1597 1106 1629 tradendis
1146 1597 1231 1630 mihi
1274 1595 1549 1640 temperandum
1602 1606 1677 1628 esse
1729 1597 1859 1628 sentio.
1933 1596 2045 1630 Plura

362 1661 456 1692 enim
495 1660 537 1692 de
578 1671 777 1693 nAMAKEno
805 1660 952 1693 dicenda
987 1667 1196 1706 supersunt.
1249 1660 1415 1704 Namque
1453 1660 1499 1692 O.
1541 1660 1586 1692 O.
1625 1660 1849 1704 Linguarum
1880 1662 2045 1695 Studium

363 1726 397 1757 in
440 1725 563 1758 Patria
611 1731 736 1757 nostra
768 1737 839 1758 non
878 1726 982 1758 modo
1020 1727 1134 1759 tuitus
1171 1730 1246 1768 est,
1280 1726 1429 1769 eiusque
1462 1726 1638 1758 tractandi
1670 1727 1843 1759 rationem
1881 1729 2050 1761 emenda-

363 1792 432 1833 vit,
478 1802 605 1823 verum
641 1791 748 1822 etiam
779 1791 887 1824 huius
927 1792 1064 1824 honore
1098 1797 1134 1824 et
1164 1792 1334 1836 dignitate
1369 1791 1577 1833 vindicatis,
1617 1791 1706 1824 illud
1742 1792 1906 1825 omnibus
1945 1793 2047 1826 Eru-

358 1857 438 1888 ditis
485 1855 755 1889 commendavit.
817 1856 856 1888 Id
907 1868 1049 1902 semper
1099 1858 1192 1902 egit,
1233 1862 1275 1889 ut
1301 1856 1366 1889 hoc
1398 1856 1570 1888 Studium
1610 1857 1661 1888 acl
1697 1858 1858 1889 (naniam
1893 1858 2047 1891 Litora-

361 1933 446 1953 ram
482 1933 525 1953 ac
559 1920 854 1964 Disciplinarum
884 1934 1034 1955 causam
1057 1923 1344 1967 promovendam
1380 1922 1638 1954 institueretur
1653 1947 1662 1965 ,
1690 1928 1801 1967 alque
1837 1923 1902 1955 lzoc
1919 1948 1928 1966 ‚
1966 1925 2044 1957 sin—

358 1986 469 2030 gulas
499 1986 583 2019 illas
616 1997 794 2020 exornans
825 1993 860 2020 ec
897 1987 1152 2033 amplificans,
1202 1999 1293 2021 nova
1325 1987 1482 2022 vicissim
1518 1999 1560 2019 ex
1588 1987 1634 2019 iis
1670 1988 1893 2021 incrementa
1927 1988 2046 2032 ipsum

364 2051 557 2094 acciperet.

412 2181 557 2214 Literae
595 2182 640 2215 O.
683 2181 727 2215 O.
766 2184 809 2216 ab
838 2196 903 2227 eo,
943 2196 1015 2230 quo
1050 2184 1167 2217 cultae
1195 2191 1280 2218 sunt
1317 2191 1502 2230 tempore,
1533 2185 1674 2228 locum,
1700 2196 1807 2229 quem
1839 2190 1962 2218 tenere
1987 2196 2045 2219 eas

366 2252 532 2292 oportet,
572 2249 609 2280 in
645 2248 905 2293 plerorumque
948 2252 1074 2285 studiis
1122 2251 1283 2284 nondum
1331 2257 1545 2284 consecutae
1571 2256 1686 2285 erant.
1741 2251 1906 2283 Fuerunt
1938 2252 2044 2294 olim,

368 2315 428 2356 qui
477 2314 575 2346 tenui
623 2314 882 2358 dialectorum,
929 2317 965 2349 in
1010 2318 1136 2362 primis
1182 2316 1379 2359 Arabicae,
1423 2316 1551 2350 notitia
1590 2316 1778 2349 admodum
1831 2315 1897 2348 sibi
1924 2316 2048 2361 place-

365 2384 468 2420 rent,
505 2379 579 2412 sive
610 2385 652 2412 ut
676 2380 860 2414 varietatis
896 2382 1003 2415 causa
1035 2383 1163 2416 harum
1201 2383 1308 2414 etiam
1345 2383 1505 2426 gentium
1536 2383 1679 2426 Scripta
1705 2393 1786 2414 cum
1814 2381 1935 2425 aliqua
1958 2381 2048 2415 saci-

367 2441 466 2475 litate
503 2444 684 2489 legerent,
730 2447 804 2481 sive
854 2447 967 2481 veluti
998 2450 1185 2493 superiore
1226 2447 1373 2490 seculo,
1405 2453 1445 2480 ut
1484 2448 1600 2481 studio
1627 2447 1873 2491 Etymologico
1906 2448 2048 2492 linguae
