2196 2950
741 118 1186 153 ORATIO.
1757 124 1796 159 41

117 232 219 266 Istud
256 232 444 265 emendare
496 231 647 263 studuit.
712 231 911 264 vernaculi
963 233 1164 274 sermonis,
1214 234 1317 266 cuius
1364 235 1507 270 divitiae
1544 238 1614 281 ipsi
1652 245 1799 282 apertae

116 303 219 330 erant
265 303 300 330 et
347 296 633 341 pervestigatae,
677 306 852 328 summam
886 307 928 327 ea
956 296 992 327 in
1023 307 1063 328 re
1095 297 1306 340 dignitatem
1339 304 1375 332 et
1404 308 1626 335 momentum
1657 305 1797 347 gravis-

117 365 245 396 simum
280 361 396 396 verbis
433 361 622 405 exposuit,
657 359 831 404 exemplis
867 359 1084 404 declaravit,
1123 363 1273 406 eiusque
1312 364 1461 407 honori,
1493 379 1514 398 a
1548 368 1670 401 multis
1692 380 1796 413 egre-

115 429 169 471 gie
208 428 410 469 vindicato,
449 427 584 470 optime
617 426 819 471 prospexit.

164 493 244 526 Hoc
281 492 437 525 subsidio
473 503 562 536 prae
590 492 667 524 aliis
701 492 838 536 quippe
876 492 1099 536 instructus,
1132 495 1365 539 omniumque
1402 495 1478 529 fere
1514 498 1685 543 Europae
1713 499 1798 533 Asi-

114 570 227 602 aeque
271 558 478 601 linguarum
522 559 689 602 perituS,
729 558 848 590 animo
885 563 1075 602 praeterea
1108 560 1438 603 praejudicatarum
1478 563 1690 606 opinionum
1726 566 1798 597 im-

114 624 236 666 muni,
280 623 370 656 hanc
417 623 656 667 Disciplinam
702 623 839 655 utinam
872 634 938 667 per
969 634 1083 655 annos
1113 623 1217 667 longe
1251 624 1377 668 plures
1415 626 1610 670 coluisset,
1647 630 1797 673 eiusque

113 688 221 721 studii
264 688 459 732 specimina
501 688 668 720 edidisset
714 699 822 731 quam
853 688 1022 732 plurima.
1084 688 1208 722 Unum
1244 701 1383 735 nempe.
1406 692 1564 725 eiusdem
1596 694 1698 746 modo
1730 696 1798 728 ha-

112 753 258 786 bemus:
293 765 337 786 ex
377 765 448 797 quo
478 754 679 786 coniectare
714 753 822 796 licet,
868 764 1060 797 quamnam
1093 754 1280 788 fructuum
1308 755 1510 789 ubertatem
1542 764 1578 790 et
1604 766 1798 803 praestan—

114 819 199 851 tiam
234 818 375 851 labores
414 818 549 850 diutius
587 818 786 851 continuati
824 818 936 850 laturi
967 818 1134 851 fuissent.
1189 820 1255 852 Illo
1292 827 1435 865 autem,
1473 834 1605 867 parum
1643 824 1794 868 aberat,

112 885 199 928 quin
240 885 346 917 etiam
387 883 581 917 fuissemus
621 884 768 927 privati.
842 883 935 915 Nam
984 894 1229 928 HAMAKERUS,
1278 887 1417 920 alienus
1464 888 1548 921 licet
1590 901 1611 921 a
1654 890 1795 934 vulgari

109 948 334 981 Nostratium
368 950 404 981 in
446 949 596 993 Scriptis
627 948 770 980 edendis
809 948 1004 991 tarditate,
1048 950 1218 983 maiorem
1255 957 1375 985 tamen
1410 953 1609 987 multorum
1637 955 1794 989 Germa-

110 1025 239 1047 norum
271 1015 336 1047 hac
367 1015 403 1046 in
436 1025 475 1046 re
507 1014 772 1046 festinationem
808 1012 1046 1058 improbabat.
1099 1014 1182 1048 Non
1216 1018 1319 1061 prius
1354 1029 1438 1062 ergo
1477 1020 1583 1064 Opus
1614 1022 1796 1055 eruditum

110 1079 201 1112 Orbi
244 1079 407 1112 Literato
460 1080 599 1112 tradere
642 1079 807 1122 volebat,
850 1091 960 1123 quam
1003 1091 1088 1123 eOS,
1141 1092 1232 1124 quos
1280 1085 1500 1117 necessarios
1544 1086 1714 1130 duceret,
1758 1088 1794 1120 in

112 1144 245 1177 Studiis
288 1145 357 1177 illis
402 1156 616 1188 progressus
662 1144 816 1176 fecisset.
881 1145 999 1188 Quem
1035 1158 1185 1190 scopum
1221 1159 1303 1180 cum
1333 1150 1532 1193 attigisset,
1574 1151 1677 1185 Cives
1713 1164 1797 1185 suos

108 1216 144 1242 et
177 1209 378 1254 Populares
411 1210 570 1253 primum
603 1211 709 1241 etiam
745 1209 964 1252 nione11d08‚
995 1211 1216 1254 edocendos,
1254 1215 1459 1247 excitandos
1497 1227 1573 1248 esse
1613 1217 1791 1251 censebat.

107 1275 213 1308 Hanc
249 1276 295 1308 ob
326 1287 469 1308 causam
501 1275 672 1319 publicas
704 1275 785 1307 illas
818 1280 896 1308 octo
918 1275 1110 1308 Lectiones
1148 1283 1231 1310 ante
1270 1279 1333 1311 hos
1369 1280 1458 1313 duos
1499 1293 1612 1315 annos
1639 1284 1675 1315 in
1700 1282 1795 1316 Aca-

107 1341 221 1373 demia
254 1340 612 1384 Lugduno-Batava
646 1340 798 1383 habuit,
831 1352 989 1385 easque,
1029 1347 1070 1374 ut
1109 1344 1295 1387 omnium,
1335 1357 1460 1378 eorum
1484 1349 1701 1392 praecipuo,
1733 1351 1795 1392 qui

105 1407 159 1438 his
196 1407 369 1438 interesse
409 1417 482 1438 non
528 1411 750 1450 potuerant,
799 1406 973 1438 desiderio
1007 1407 1253 1452 satisfaceret,
1290 1412 1469 1454 superiori
1494 1424 1608 1454 anno,
1653 1415 1795 1447 instru—

106 1478 179 1503 ctas
228 1472 482 1513 annotatione,
528 1471 648 1503 edidit.
718 1472 754 1503 Si
788 1483 923 1504 morem
960 1473 1116 1515 cogitas,
1150 1485 1221 1517 quo
1264 1475 1381 1517 dicta,
1427 1488 1489 1509 ore
1518 1480 1791 1522 pronunciata,

106 1537 357 1581 paucioribus,
412 1538 510 1569 edica
554 1548 638 1569 vero
681 1537 850 1581 pluribus
895 1537 1069 1581 exemplis
1110 1539 1345 1583 comprobare
1391 1553 1586 1584 conamur,
1619 1546 1647 1576 si
1680 1558 1792 1589 porro

105 1614 228 1634 earum
269 1602 482 1634 Lectionum
531 1608 670 1646 spectas
704 1602 916 1642 consilium3
948 1603 977 1634 si
1005 1603 1224 1647 Oratorem,
1252 1606 1281 1637 si
1317 1604 1534 1650 Auditorcs,
1574 1621 1645 1641 non
1678 1612 1791 1644 mira—

106 1679 186 1700 mur
216 1669 277 1700 has
312 1668 398 1700 adeo
430 1668 620 1712 placuisse.
687 1667 922 1700 HmAKssRUS
952 1669 1006 1700 uti
1030 1675 1182 1702 noverat
1217 1669 1255 1702 in
1291 1670 1528 1705 Auditoribus
1565 1674 1674 1708 Viros
1716 1689 1792 1710 esse

109 1734 282 1767 Veterum
327 1734 655 1778 Recentiorumque
698 1733 906 1766 Litcrarum
940 1735 1198 1778 peritissimos,
1234 1738 1467 1782 omniumque
1504 1740 1789 1785 Disciplinarum

106 1806 288 1842 amantes,
331 1801 381 1831 ita
426 1800 462 1831 hi
502 1811 607 1831 suum
648 1800 828 1842 cognitum
876 1798 1054 1832 habebant
1093 1800 1315 1845 Doctorem,
1374 1805 1561 1848 permagni
1607 1818 1688 1839 enm
1734 1808 1792 1841 sa-

108 1865 273 1907 ciebant,
324 1877 368 1897 ex
410 1876 450 1897 eo
497 1864 558 1896 illa
604 1864 771 1896 lubenter
813 1864 1030 1907 audiebant,
1078 1866 1361 1911 multiplicisque
1406 1869 1587 1903 doctrinae
1627 1873 1728 1917 copia
1760 1876 1789 1906 si

108 1932 250 1974 quando
299 1931 562 1973 obruerentur,
613 1930 702 1962 hanc
748 1942 820 1962 non
863 1929 1163 1973 indignabantur,
1212 1932 1273 1964 sed
1322 1932 1509 1979 ferebant,
1550 1937 1656 1970 immo
1705 1951 1789 1973 vero

107 1995 202 2029 iusta
244 1996 561 2041 prosequebantur
609 1995 856 2027 admiratione.
920 1995 977 2027 Sic
1012 1996 1146 2029 scilicet
1180 1999 1345 2031 nonnulli
1379 2001 1562 2045 explicent
1597 2015 1659 2046 ea,
1698 2017 1790 2050 quae

108 2062 174 2094 sibi
214 2062 404 2096 videantur
448 2062 506 2095 vix
538 2061 744 2093 credibilia:
783 2061 958 2104 insignem
995 2060 1094 2093 illam
1130 2059 1347 2095 Auditorum
1381 2076 1574 2109 coronam,
1610 2076 1789 2113 perpetu.-

107 2140 217 2172 osque
260 2140 386 2161 eorum
426 2128 628 2169 adventus,
677 2138 770 2171 quae
808 2136 1008 2159 HAMAKERO
1055 2126 1242 2160 manifesta
1283 2129 1449 2173 publicae
1483 2134 1786 2178 comprobationis

107 2200 210 2226 erant
245 2195 397 2237 indicia,
437 2195 686 2239 optimumque
735 2193 779 2225 ad
823 2193 909 2225 haec
951 2192 1077 2225 Studia
1114 2204 1205 2227 novo
1251 2206 1331 2228 cum
1370 2197 1498 2230 ardore
1538 2202 1788 2244 persequenda

111 2259 376 2292 incitamentum
390 2261 396 2292 l

156 2322 222 2355 Sed
258 2325 486 2358 incitamento
517 2335 736 2358 HAMAKEnUs
768 2327 805 2358 in
845 2326 902 2359 ln's
932 2337 1077 2370 quoque
1110 2325 1243 2360 Literis
1282 2330 1476 2362 tractandis
1514 2332 1575 2363 vix
1596 2343 1689 2376 opus
1717 2333 1786 2367 ha-

109 2388 224 2422 bebat.
289 2389 456 2425 Duorum
501 2391 666 2436 Operum
698 2392 767 2424 iam
800 2392 877 2426 fere
914 2391 1162 2426 absolutorum
1196 2404 1296 2438 spem
1317 2394 1470 2438 fecerat,
1507 2408 1663 2440 quorum
1694 2397 1786 2431 Edi-

1537 2460 1559 2494 6
