2196 2950
730 110 1177 146 ORATIO.
1747 114 1793 149 235)

103 240 234 262 munus
286 227 505 260 professoris
551 227 736 260 Ordinarii
772 228 807 259 in
846 225 1037 259 Academia
1076 225 1445 269 Lugduno—Batava
1478 228 1689 271 auspicatus
1722 235 1786 260 cst.

105 294 270 337 Utraque
297 293 325 326 si
359 291 494 333 Vobis,
531 289 596 322 A.!
630 290 856 332 innotuerit,
886 301 1061 333 quosnam
1093 302 1219 323 sensus
1244 292 1281 323 in
1310 292 1426 324 animo
1453 299 1574 327 vestro
1596 294 1794 327 excitavit?

104 359 232 391 Nonne
287 357 381 402 capti
428 356 631 400 argumenti
678 356 877 399 gravitate,
919 356 1130 399 dicendique
1163 367 1293 400 genere
1321 356 1459 390 fervido
1496 370 1535 390 ac
1574 358 1788 403 magnifico,

107 424 234 457 Virum
282 422 476 467 agnovistis
523 421 707 454 ardentem
751 427 787 454 et
837 427 1007 466 paratum
1039 421 1082 453 ad
1115 421 1201 453 alias
1234 420 1339 454 Asiae
1374 422 1515 466 linguas
1550 424 1791 468 indagandas,

101 491 146 522 ad
190 491 309 534 ipsum
347 489 437 521 illud
476 499 619 520 carmen
656 487 808 520 sublime
846 499 919 520 non
950 487 1106 532 amplius
1142 498 1186 520 ex
1226 487 1377 532 Anglica
1405 486 1605 531 Versionc,
1646 492 1706 523 sed
1745 504 1789 524 ex

107 555 278 588 Veterum
327 554 501 587 Indorum
529 554 652 598 lingua
686 554 995 598 cognoscendum,
1028 554 1073 586 ad
1103 554 1226 599 ipsum
1257 554 1413 598 denique
1446 566 1645 598 ΙΟΧΕεΙυΜ,
1688 559 1789 589 cuins

100 622 136 653 in
162 618 338 654 Arabicis
375 619 503 664 dignus
537 625 615 652 erat
648 620 839 663 aemulus,
883 621 919 652 in
951 620 1093 653 Indicis
1130 621 1237 653 etiam
1266 621 1389 653 eadem
1431 633 1512 654 cum
1548 622 1787 655 aemulationi¹

102 686 337 719 imitandum?
384 705 432 710 -——
474 685 555 718 Hoc
591 686 768 729 quomodo
803 686 874 730 ipsi
903 687 1076 729 cesserit,
1114 692 1150 719 et
1190 687 1324 719 Indica
1360 687 1422 720 illa
1455 688 1573 720 studia
1610 690 1787 732 quomodo

100 753 306 785 moderatus
336 753 382 784 sit
413 751 524 786 verbo
561 751 662 784 nobis
698 752 950 796 exponendum
984 758 1109 785 restat.

146 819 188 851 ln
228 819 282 851 his
316 817 536 861 elaboravit,
573 823 616 850 ut
650 819 692 851 ad
737 818 889 850 aliarum
931 817 1139 862 linguarum
1174 823 1342 850 naturam
1393 818 1521 850 melius
1566 819 1787 863 investigan-

97 886 201 926 dam,
241 889 276 916 et
315 894 399 917 vero
434 884 587 915 maxime
618 884 663 915 ad
693 883 883 928 pulchram
921 882 1140 916 Sanseri'tici
1163 885 1338 916 sermonis
1365 885 1541 916 rationem
1563 896 1785 928 cognoscen—

95 951 198 993 dam,
231 949 631 994 praestantissimosque
668 949 840 981 Indorum
874 949 1078 993 Scriptores
1116 949 1283 994 legendos
1320 950 1406 983 haec
1432 950 1553 995 ipsum
1587 951 1786 992 ducerent3

96 1016 241 1048 minime
289 1020 435 1057 autem,
480 1019 522 1046 ut
565 1026 673 1058 quam
704 1015 863 1059 primum
898 1015 1042 1059 Scripta
1074 1026 1200 1048 eorum
1233 1016 1366 1048 inedita
1395 1016 1532 1061 publici
1560 1017 1650 1049 iuris
1688 1016 1787 1050 face*

94 1087 162 1113 ret.
214 1081 347 1113 Postea
377 1080 472 1112 forte
507 1080 575 1113 hoc
611 1079 776 1113 facturus
813 1080 963 1123 fuisset,
997 1086 1121 1126 aptam
1152 1081 1325 1114 Codicum
1351 1082 1681 1125 conquirendorum
1714 1095 1783 1127 op—

98 1147 358 1191 portunitatem
400 1151 553 1178 nactus:
607 1144 701 1189 qua,
741 1157 824 1178 mox
862 1144 1003 1189 oblata,
1046 1147 1185 1192 egregie
1221 1159 1305 1180 sane
1343 1148 1463 1180 statim
1504 1148 1559 1180 uti
1595 1149 1784 1192 potuisset.

94 1211 257 1255 Namque
280 1211 474 1244 eruditioni
494 1212 565 1244 iam
585 1211 800 1244 accedebant
825 1210 1004 1254 subsidia,
1035 1213 1319 1256 typographica,
1351 1224 1424 1245 una
1459 1224 1540 1244 cum
1563 1212 1695 1256 insigni
1723 1218 1785 1256 ty—

91 1289 222 1323 porum
265 1276 518 1311 Arabicarum
559 1282 741 1323 apparatu
791 1288 836 1310 ex
874 1276 982 1322 Regis
1011 1277 1262 1312 benevolentia
1300 1279 1472 1323 impensis
1514 1277 1669 1323 publicis
1714 1279 1785 1311 du—

93 1344 178 1377 dum
207 1349 427 1389 comparata.

141 1408 337 1442 Librorum
377 1421 462 1453 ergo
496 1409 703 1442 Indicorum
735 1410 925 1442 editionem
964 1410 1000 1441 in
1032 1415 1219 1453 posterum
1256 1409 1452 1452 differens,
1492 1410 1593 1453 aliis,
1631 1416 1667 1443 et
1700 1423 1781 1444 cum

91 1477 158 1508 hoc
201 1475 327 1508 Studio
369 1475 598 1518 coniunctis,
645 1475 755 1508 rebus
799 1476 1030 1520 explorandis
1063 1476 1200 1508 interea
1235 1481 1434 1520 occupatus
1471 1481 1561 1509 erat.
1615 1477 1782 1510 Studium

91 1540 274 1585 intelligo,
309 1540 406 1584 quod
440 1540 543 1572 modo
573 1540 808 1583 adumbravi,
843 1540 1118 1573 Grammatices
1150 1541 1349 1584 generalis.
1404 1541 1509 1573 Hanc
1544 1541 1783 1586 Disciplinam

90 1606 229 1649 colere,
270 1617 474 1648 exornare,
510 1607 660 1649 eiusque
686 1607 723 1638 in
756 1606 880 1639 Patria
907 1612 1033 1639 nostra
1068 1605 1304 1639 fundamenta
1323 1607 1440 1639 iacere
1459 1606 1649 1650 cogitabat.
1703 1606 1778 1640 Ar-

90 1673 154 1705 ctis
187 1677 308 1705 autem
346 1671 531 1713 terminis,
563 1683 610 1704 ne
644 1671 746 1704 initio
780 1672 948 1715 quidem,
983 1672 1076 1705 hanc
1108 1672 1355 1705 circumscribi
1390 1672 1544 1706 volebat.
1599 1672 1779 1715 Consilia,

90 1750 184 1782 quae
219 1738 411 1781 volvebat,
442 1749 483 1770 eo
515 1737 731 1780 tendebant,
773 1743 815 1770 ut
843 1749 964 1770 omnes
997 1739 1142 1770 omnino
1177 1738 1320 1781 linguas
1358 1744 1478 1770 mente
1508 1739 1652 1770 tandein
1683 1750 1783 1771 com—

89 1804 334 1848 plecteretur3
370 1815 506 1847 eaque,
537 1804 566 1835 si
601 1803 775 1837 voluisset
809 1803 911 1835 Deus
951 1804 997 1836 O.
1034 1803 1115 1846 M.‚
1141 1804 1218 1848 ipse
1254 1805 1291 1836 in
1325 1804 1452 1848 paucis
1481 1804 1611 1846 exequi
1639 1804 1785 1847 potuis-

88 1874 152 1901 set.
211 1868 311 1901 Haec
347 1879 433 1902 vero
466 1868 643 1913 paulatim
675 1869 713 1900 in
743 1879 784 1900 eo
818 1870 1097 1901 maturescentia
1120 1870 1286 1902 vidimus.
1343 1868 1548 1901 Incredibili
1573 1868 1779 1912 linguarum

89 1935 411 1980 comparandarum
464 1946 585 1968 amore
629 1934 822 1978 incensus,
866 1935 950 1967 huic
992 1934 1151 1979 primum
1196 1933 1348 1966 indulsit
1381 1933 1556 1966 Dialectis
1597 1933 1779 1967 Semicici's

88 2000 326 2033 conferendis.
380 2001 438 2033 Ex
473 2000 528 2034 his
562 2000 710 2043 deinde,
748 2001 843 2044 quod
878 2012 922 2033 ex
957 1998 1207 2032 flliscellcmeis
1244 1998 1456 2032 Phoeniciis
1489 1999 1632 2043 liquet,
1664 2001 1778 2034 multa

88 2067 229 2099 nomina
271 2067 443 2110 antiqua⁷
497 2066 534 2098 in
579 2065 733 2099 Graecis
775 2066 995 2111 Latinisque
1043 2065 1195 2110 Scriptis
1237 2065 1365 2108 obvia,
1401 2066 1571 2110 expedire
1605 2068 1773 2101 tentavit.

90 2132 244 2165 Persica
291 2144 402 2177 porro
444 2145 525 2165 cum
574 2131 759 2165 hodiernis
802 2133 1090 2177 Eat-opacorum
1125 2132 1266 2177 linguis
1310 2132 1513 2177 quindecim
1547 2133 1617 2165 iam
1648 2134 1776 2166 abhinc

89 2199 191 2230 annis
230 2209 374 2243 semper
416 2209 630 2243 componere
678 2198 829 2232 amabat.
900 2200 1004 2242 Quae
1047 2198 1297 2233 convenientia
1346 2199 1377 2231 si
1413 2210 1454 2232 eo
1486 2204 1649 2243 tempore
1686 2210 1777 2244 per-

88 2263 209 2307 spicax
244 2264 320 2297 eius
356 2264 538 2308 ingenium
568 2263 694 2308 sugere
719 2276 791 2297 non
820 2266 967 2310 potuit,
1000 2265 1066 2298 hoc
1092 2264 1260 2297 Studium
1295 2276 1377 2297 cum
1412 2264 1553 2298 fervere
1572 2259 1773 2308 inciperet}

87 2339 168 2361 cum
195 2339 215 2360 a
260 2330 445 2362 nonnullis
493 2330 679 2374 praeclare
717 2335 963 2373 tractaretur,
1007 2342 1089 2363 cum
1130 2331 1167 2363 in
1209 2335 1370 2366 veterem
1406 2330 1579 2363 Indorum
1613 2329 1773 2374 linguam

87 2395 164 2438 ipse
204 2406 240 2427 se
274 2394 514 2438 insinuasset,
551 2396 617 2429 hoc
653 2396 820 2430 Studium
854 2403 988 2441 quanto
1027 2397 1137 2442 magis
1166 2408 1247 2430 eum
1280 2402 1405 2430 tenere
1430 2400 1622 2440 totumque
1647 2408 1777 2441 capere
