2196 2950
694 130 1141 165 ORATIO.
1715 125 1760 159 lm

80 258 153 279 rem
194 257 266 278 non
298 245 575 279 dissimulamus.
642 243 823 276 Memores
856 243 984 277 fervidi
1022 243 1156 283 animi,
1192 253 1262 285 quo
1292 240 1498 282 Athenaeo,
1532 251 1604 283 quo
1638 239 1759 271 Disci-

80 312 199 355 pulis,
246 323 316 355 quo
356 321 441 343 suae
483 309 720 350 Provinciae,
766 309 884 352 quoad
919 312 1085 351 poterat,
1122 304 1180 338 hic
1225 306 1456 347 consuleret,
1495 304 1668 337 Athenaei
1707 305 1759 335 ia—

78 383 215 410 cturam
257 377 383 408 merito
418 375 594 418 lugemus.
656 373 797 406 Deinde
830 373 1004 406 amicitiae
1035 373 1230 415 cogitantes
1267 371 1476 413 vinculum,
1519 383 1589 414 quo
1620 369 1757 410 Nobis,

80 443 192 486 ipsius
220 440 371 483 Collegis
389 464 398 482 ,
427 440 572 471 iunctus
602 444 703 480 erat,
743 439 1100 481 benevolentiamque
1118 462 1127 479 ,
1168 447 1260 480 quac
1293 436 1362 479 ipsi
1392 446 1474 467 cum
1506 435 1652 466 Civibus
1687 435 1758 466 hu—

77 508 132 539 ius
167 505 275 538 Urbis
308 505 551 537 intercedebat
585 510 734 546 mutua,
775 504 891 537 Amici
927 504 970 536 ab
1013 504 1154 546 integro
1196 500 1346 543 Amico,
1388 500 1491 534 Cives
1515 512 1535 532 a
1559 500 1645 533 Cive
1667 500 1758 531 ‹lile—

78 577 158 613 cto,
185 570 289 603 inviti
321 570 624 613 disiungebamur.
677 569 812 602 Nostra
848 575 932 605 vota
969 569 998 601 si
1032 573 1112 600 rata
1148 566 1262 609 fiant,
1289 567 1398 600 vitam
1424 567 1460 598 in
1484 577 1577 598 nova
1606 566 1757 597 statione

78 636 269 668 iucundam
306 636 433 679 deget,
474 635 636 677 felicem,
676 635 886 679 Disciplinis
916 634 1153 668 fructuosam.

123 767 302 801 Desiderii
342 769 450 800 huius
491 768 721 801 acerbitatem
772 768 875 802 valde
916 768 1042 801 lenivit
1090 767 1290 799 Decretum
1322 765 1495 808 Regium,
1539 763 1640 796 brevi
1675 774 1755 794 mox

75 833 236 875 editum,
284 845 354 876 quo
396 844 610 866 ERMERINSII
655 839 776 878 partes
815 834 924 876 Tibi,
965 833 1034 866 Vir
1068 833 1148 874 CL,
1195 831 1370 874 nobisque
1402 828 1649 868 Amicissimc,
1694 838 1758 858 nx-

74 901 230 932 scl1ED1'5!
264 900 449 931 mandatae
491 905 589 931 sunt.
643 899 747 931 Tuus
774 900 811 931 in
847 900 926 931 illas
963 898 1184 941 Disciplinas
1211 908 1310 928 amor
1340 901 1376 927 et
1413 894 1520 926 ardor
1555 894 1598 925 ad
1633 892 1758 937 publi—

76 976 151 996 cam
198 965 359 996 notitiam
406 969 488 996 ante
525 965 595 996 iam
628 970 894 1008 pervenerant,
933 975 1066 1006 eosque
1104 974 1229 994 sensus
1264 968 1299 994 et
1328 961 1395 1003 eii,
1430 971 1537 1003 quam
1578 958 1756 997 habuisti,

73 1029 273 1071 Oratione,
319 1035 355 1061 et
402 1030 550 1073 singulis
594 1030 755 1062 muneris
801 1031 856 1062 tui
899 1029 1064 1074 partibus
1103 1040 1169 1072 per
1215 1028 1395 1071 integrum
1435 1037 1571 1058 annum
1611 1029 1758 1056 strenue

72 1095 305 1139 peragendiS,
354 1095 517 1127 omnibus
557 1095 810 1139 comprobasti.
876 1096 1061 1127 Sustentet
1097 1099 1205 1137 atque
1238 1093 1310 1125 alat
1344 1091 1444 1125 Deus
1475 1092 1568 1124 vires
1604 1096 1686 1122 tuas
1724 1095 1758 1120 vt

71 1159 284 1201 Facultates,
335 1160 464 1203 quibus
517 1160 608 1192 hanc
642 1161 865 1204 provinciam
901 1161 1066 1204 egregie,
1108 1165 1148 1192 ut
1184 1159 1262 1201 vis,
1298 1164 1407 1202 atque
1439 1158 1570 1200 digne,
1603 1161 1645 1187 ut
1687 1166 1757 1198 po·-

70 1231 143 1266 tes,
185 1225 423 1257 administres.
486 1225 724 1258 Gratissimus
766 1226 842 1258 sine
871 1225 979 1257 dubio
1016 1225 1100 1257 Tibi
1137 1231 1190 1257 est
1224 1224 1411 1267 Plztjr‘sicas
1437 1222 1497 1254 ille
1524 1226 1754 1265 apparatas,

69 1301 176 1333 quem
212 1289 269 1322 hic
313 1291 502 1333 invenisti,
552 1292 687 1334 quique
726 1290 827 1323 nobis
865 1302 968 1323 carae
998 1296 1053 1323 est
1084 1290 1291 1323 hereditatis
1323 1290 1459 1330 instar,
1501 1299 1522 1319 a
1558 1286 1756 1318 Decessore

69 1355 150 1388 Tuo
191 1356 289 1388 huic'
318 1354 502 1388 Athenaeo
540 1356 698 1389 relictae.
763 1355 969 1390 Adveniens
1008 1357 1068 1389 ille
1107 1360 1295 1401 repererat
1334 1366 1443 1396 eum,
1488 1352 1756 1397 antiquioribus

68 1420 235 1463 quidem,
286 1427 327 1453 ut
371 1422 498 1463 aiunt,
547 1422 822 1464 instrumentis,
866 1421 1067 1464 refertum,
1114 1422 1173 1454 sed
1224 1433 1305 1453 cum
1349 1421 1385 1451 in
1419 1419 1497 1451 aliis
1532 1417 1755 1461 Discipliuae

68 1486 257 1530 partibus,
293 1492 371 1518 tum
409 1487 446 1518 in
480 1486 668 1518 Electricis
700 1492 810 1530 atque
845 1486 1080 1531 Magnetieis,
1121 1487 1215 1531 aptis
1243 1486 1453 1528 idoneisque
1490 1484 1657 1523 subsidiis
1692 1495 1755 1516 ca·—

68 1559 217 1585 rentem.
280 1552 387 1584 Nunc
429 1558 548 1585 autem
591 1553 707 1596 qualis
746 1564 822 1585 sese
861 1553 988 1585 habet!
1041 1552 1172 1584 Nonne
1208 1552 1262 1584 his
1298 1552 1404 1583 etiam
1436 1551 1486 1583 ita
1523 1555 1576 1582 est
1614 1550 1754 1582 instru—

66 1625 171 1660 ctus,
209 1624 250 1650 ut
288 1619 499 1651 Seholarum
531 1624 676 1650 tuarum
707 1619 832 1651 usibus
867 1619 956 1651 bene
992 1618 1194 1650 inserviat?
1244 1617 1374 1649 Nonne
1408 1615 1512 1648 multi
1546 1615 1653 1658 aequi
1690 1626 1753 1647 ea-

67 1696 146 1716 rum
191 1695 314 1716 rerum
359 1684 493 1715 iudices
527 1688 744 1728 apparatum
776 1684 878 1716 illum
916 1694 1056 1715 summa
1092 1694 1173 1715 cum
1207 1682 1394 1726 voluptate
1434 1680 1751 1724 contemplantur,

68 1751 288 1793 summisque
333 1750 498 1782 laudibus
545 1750 731 1783 efferunt?
769 1770 819 1776 —-
863 1751 1054 1783 Praestent
1097 1749 1149 1781 illi
1184 1748 1346 1781 thesauri
1376 1747 1460 1780 Tibi
1490 1748 1525 1779 in
1556 1747 1627 1779 tuis
1663 1746 1752 1778 Dis-

66 1815 206 1859 ciplinis
257 1815 421 1847 docendis
469 1821 504 1847 et
551 1816 804 1859 promovendis
854 1827 1028 1848 summam
1071 1815 1292 1855 utilitatem,
1336 1819 1371 1846 et
1404 1824 1472 1856 pro
1510 1811 1751 1844 subsidiorum

67 1886 271 1912 nostrorum
306 1881 482 1911 tenuitate
516 1891 609 1913 nova
643 1880 893 1924 suppellectile
924 1881 1115 1913 identidem
1149 1881 1222 1912 tuis
1255 1879 1425 1922 auspiciis
1459 1877 1659 1922 plurimum
1682 1889 1751 1910 au-

64 1951 228 1989 geantur.
281 1945 450 1978 Ceterum
469 1970 478 1987 ,
502 1943 629 1977 mutua
655 1944 810 1978 amicitia
832 1946 969 1987 iuncti,
997 1945 1058 1978 Tu
1090 1950 1194 1987 tuas,
1228 1943 1302 1976 Nos
1338 1949 1505 1986 nostras,
1544 1955 1632 1987 quas
1660 1955 1751 1988 pro—-

65 2011 232 2053 fitemur,
281 2010 501 2055 Disciplinas
541 2012 578 2042 in
606 2023 829 2044 communem
859 2010 1068 2044 Literarum
1104 2010 1440 2053 Doctrinarumque
1475 2020 1619 2041 causam
1651 2008 1750 2041 cola—

64 2089 142 2109 mus
161 2102 170 2119 ,
199 2088 269 2120 quo
302 2077 390 2109 nihil
422 2076 597 2109 habeatur
630 2078 848 2120 iucundius,
886 2076 976 2109 nihil
1010 2077 1221 2120 antiquius,
1254 2075 1343 2108 nihil
1381 2075 1639 2120 praestantius.

109 2209 215 2251 Quod
253 2209 295 2241 de
336 2209 511 2253 reliquis,
561 2209 691 2253 quibus
734 2210 960 2243 Athenaeum
1008 2214 1175 2242 nostrum
1220 2213 1390 2242 ornatum
1426 2213 1505 2250 est,
1543 2207 1745 2240 studiorum

64 2273 247 2316 subsidiis,
290 2274 475 2308 vobiscum
517 2286 615 2307 nunc
644 2277 980 2308 communicandum
1021 2281 1098 2318 est,
1137 2274 1201 2308 A.!
1238 2275 1363 2320 paucis
1398 2274 1594 2307 absolvam.
1648 2273 1745 2316 Quid

63 2338 156 2370 enim
195 2337 270 2370 Vos
319 2340 495 2372 detineam
526 2340 643 2373 titulis
683 2340 872 2374 afferendis
907 2341 1129 2385 Librorum,
1169 2340 1301 2385 quibus
1337 2339 1566 2374 Bibliotheca
1595 2338 1748 2383 publica

61 2415 127 2447 per
174 2404 281 2436 hocce
322 2404 506 2439 biennium
554 2417 625 2439 non
666 2407 809 2450 quidem
856 2413 1031 2451 onerata,
1065 2413 1130 2450 at,
1177 2418 1314 2442 GREVIO
1348 2411 1498 2448 nostro,
1540 2404 1632 2438 Viro
1663 2404 1743 2448 Cl.,
