2196 2950
331 159 378 195 52
820 159 1526 193 ANNOTATIO.

333 272 509 313 praecipue,
533 272 667 310 prodesse
700 271 830 303 studens.
862 290 897 297 —
929 272 966 304 Et
987 273 1176 305 nibilominus
1196 274 1324 305 maxima
1347 284 1418 305 sane
1443 277 1509 304 erat
1532 285 1555 303 1.
1580 284 1602 302 ι.
1623 280 1831 302 senumnssn
1855 270 1914 300 vivi
1938 270 2015 307 apud

333 332 453 363 Exteros
481 332 568 361 etiam
602 331 630 361 in
662 331 722 362 Lit.
751 331 788 362 O.
811 331 848 362 O.
881 333 1007 364 nominis
1032 334 1199 365 celebritas.
1244 334 1361 365 Etenim
1382 334 1472 375 (quod
1496 345 1588 364 rnen.
1616 342 1726 363 meon.
1752 342 1909 370 nunnus,
1934 343 1966 361 n.
1989 342 2019 360 Α.

334 402 542 421 scnumrsstr
566 389 735 429 Discipulus
766 391 834 422 olim
858 402 892 422 ac
912 392 1044 424 sincerus
1060 392 1201 432 Amicus,
1225 404 1259 424 ex
1285 404 1319 424 eo
1339 398 1547 432 compertum,
1570 392 1601 423 in
1623 392 1722 422 libello
1746 390 1887 428 tradidit,
1910 390 1958 421 cui
1983 390 2022 420 ti-

336 450 415 481 tulus
437 454 498 481 est:
534 453 687 481 Heinrich
714 453 829 482 Albert
855 455 1018 483 Sclmltens
1055 453 1149 492 Rigae
1177 462 1278 494 1794,
1302 464 1332 492 p.
1355 465 1393 484 20
1416 454 1489 492 seq.)
1514 464 1702 483 rnnnrmcus
1728 461 1879 488 MAGNUS,
1910 450 2022 480 Borus-

333 519 431 540 sorum
452 509 536 548 Rex,
559 520 648 548 quum
671 510 851 549 Epistolam‚
885 521 973 549 quam
1006 521 1040 541 ex
1062 511 1185 542 Oriente
1207 517 1386 551 acceperat,
1407 512 1448 543 ita
1468 516 1639 550 exaratam,
1660 515 1693 542 ut
1715 521 1732 541 a
1763 510 1884 541 summis
1903 508 2021 548 quibus-

335 580 391 608 que
423 570 484 600 eius
516 570 652 608 temporis
682 569 754 600 Litt.
787 570 824 600 O.
855 569 892 600 Ο.
922 569 1100 601 Ductoribus
1138 570 1195 610 legi
1229 581 1287 600 non
1317 575 1434 609 posset,
1467 571 1504 601 ad
1536 583 1560 601 1.
1592 583 1618 602 1.
1649 581 1893 601 scnumeusmnr
1928 568 2021 599 misis-

335 635 399 668 set,
422 630 469 660 hic
493 639 557 660 eam
581 639 638 659 non
661 628 746 659 modo
769 628 917 667 expedivit
941 633 1054 668 totam,
1088 629 1138 660 sed
1161 630 1248 661 vertit
1271 639 1384 668 quoque
1406 634 1493 668 atque
1515 630 1556 661 ita
1572 630 1731 669 explicuit,
1757 634 1789 660 ut
1809 639 1826 660 a
1849 639 2022 659 runcare-o

335 699 425 720 aureo
456 699 576 719 nummo
608 688 777 719 donaretur.
799 706 838 715 —
863 688 1050 720 Permultum
1069 689 1155 720 studii
1179 694 1332 728 praeterea
1346 713 1354 727 ,
1376 693 1408 720 ut
1430 689 1521 720 Pater
1540 694 1628 728 atque
1651 689 1760 728 Filius,
1794 688 1917 720 Graecis
1939 687 2022 718 Lati-

336 749 437 787 nisque
476 749 582 779 Literis
615 748 776 787 impendit3
811 748 914 787 cuius,
949 749 980 779 iu
1011 749 1116 788 libris,
1149 759 1219 787 quos
1256 748 1394 787 reliquit,
1428 749 1598 788 conspicui,
1631 749 1810 780 mentionem
1842 747 1913 778 fecit
1936 760 1969 778 H.
1991 760 2021 776 A.

336 820 466 839 sonunt.
488 809 520 839 in
542 810 626 839 Orat.
648 811 684 839 de
717 811 822 839 slziiio
854 811 1033 849 Belgarum
1062 813 1095 839 in
1127 812 1244 839 Liberis
1277 811 1429 840 Arabicis
1452 811 1626 839 excolendis
1649 809 1686 839 L.
1706 808 1742 839 B.
1769 820 1867 849 1779,
1891 819 1920 850 p.
1942 816 2021 844 40—

336 873 385 905 43.
429 872 494 899 Hic
516 873 614 899 autem
649 873 752 899 acutus
786 868 910 898 aliorum
943 873 1032 907 atque
1063 868 1175 907 iustus,
1200 878 1271 899 suae
1292 878 1363 900 vero
1383 869 1478 908 gentis
1496 868 1668 900 meritorum
1682 893 1690 907 ‚
1721 878 1841 900 severus
1861 873 1891 898 et
1913 878 2023 907 aequus

336 929 438 969 iudex,
470 940 538 960 cum
572 929 640 960 alibi
665 929 771 970 passim
800 928 897 959 Patris
924 930 967 968 (1.
992 941 1013 958 1.
1039 930 1187 969 senum.)
1210 929 1383 960 memoriam
1403 929 1585 967 celebravit,
1621 933 1684 959 tum
1705 928 1795 960 etiam
1815 929 1845 959 in
1867 927 2022 968 Program-

337 995 436 1028 mate,
468 1000 524 1029 quo
554 989 708 1020 consilium
740 988 879 1019 Meidanii
908 988 1013 1019 edendi
1048 988 1222 1028 descripsit,
1244 989 1279 1019 L.
1303 989 1340 1021 Β.
1363 1000 1389 1020 a.
1416 989 1445 1020 d.
1469 1000 1508 1030 29
1529 989 1628 1020 Martii
1650 1000 1724 1030 1791
1750 989 1899 1028 evulgato.
1939 987 2023 1019 »Per

336 1053 541 1088 ”curarum,”
563 1049 603 1080 ibi
621 1049 715 1088 inquit
736 1061 768 1080 n.
787 1060 817 1079 Λ.
838 1060 972 1080 senum.
987 1073 996 1088 ‚
1021 1049 1262 1080 »multitudinem
1276 1073 1284 1088 ,
1309 1049 1492 1088 aliarumque
1514 1059 1632 1088 rerum,
1654 1049 1826 1088 praesertim
1847 1048 2023 1087 theologica-

336 1120 463 1141 »carum
484 1109 692 1148 occupationes
705 1133 714 1148 ,
739 1109 850 1139 samam
874 1120 931 1139 uon
955 1109 1048 1147 potuit
1070 1109 1152 1140 libris
1169 1109 1332 1141 scribendis
1351 1110 1516 1148 posteritati
1539 1109 1769 1148 commendare,
1788 1109 1904 1149 ingenio
1921 1113 2022 1139 tamen

337 1174 385 1199 »et
413 1169 568 1208 multiplici
602 1169 765 1199 eruditione
787 1169 935 1207 praestitit
954 1168 1031 1199 inter
1049 1179 1133 1206 suos,
1158 1168 1188 1199 in
1208 1169 1405 1201 Arabicorum
1429 1173 1528 1200 autem
1552 1169 1697 1200 librorum
1720 1168 1846 1199 lectione
1869 1172 2023 1207 paternam

336 1228 541 1267 »diligentiam
575 1239 634 1259 non
663 1233 781 1259 tantum
813 1229 971 1267 aequavit,
1004 1228 1055 1259 sed
1088 1229 1172 1268 longe
1194 1229 1379 1267 multumque
1402 1229 1584 1267 superavit.”
1632 1229 1677 1259 De
1702 1240 1725 1258 1.
1749 1240 1772 1259 1.
1795 1240 1929 1258 senum.
1948 1227 2025 1258 cons.

337 1286 463 1325 denique
491 1299 638 1318 sxrersn.
673 1289 694 1319 l.
716 1289 733 1322 Ι,
759 1291 794 1328 1,
823 1299 851 1327 p.
877 1288 1009 1327 501.11‚
1041 1299 1069 1327 p.
1088 1297 1147 1324 204
1177 1298 1237 1327 seq.
1259 1293 1287 1318 et
1314 1301 1337 1318 1.
1368 1300 1563 1319 finierim
1588 1291 1705 1327 losrede
1727 1300 1764 1328 op
1788 1300 1819 1318 u.
1842 1300 1872 1318 A.
1893 1298 2026 1318 seuum-

336 1346 432 1378 Amst.
459 1357 548 1387 1794.
569 1352 614 1379 8⁰.
637 1361 668 1391 p.
693 1360 751 1389 70,
781 1352 916 1389 73-76.

379 1407 520 1437 HEch1
546 1420 686 1439 ,unm-rr
711 1420 922 1440 senum-cusu
945 1410 1051 1441 merita
1079 1410 1203 1449 insignia
1235 1410 1427 1441 celebrarunt
1443 1414 1561 1451 praeter
1586 1409 1631 1440 Cl.
1652 1421 1830 1446 inanimi,
1854 1408 1969 1448 saepius
1991 1407 2026 1436 dc

337 1466 532 1508 Praeceptore
560 1468 748 1499 dilectissimo
776 1469 890 1508 egregie
920 1473 949 1500 et
981 1469 1130 1507 facunde,
1161 1475 1193 1501 ut
1223 1469 1317 1507 solet,
1351 1469 1519 1508 dicentem,
1546 1479 1614 1499 cum
1637 1480 1715 1499 DAN.
1742 1478 1979 1499 wrrrnsmcu.
1996 1467 2026 1496 in

341 1529 418 1557 Vita
441 1539 472 1558 n.
493 1540 684 1559 nunsxrmr
708 1531 754 1569 (D.
771 1540 939 1559 WYTTENB.
965 1531 1124 1569 Opuscziltz
1148 1533 1230 1559 varii
1254 1542 1377 1569 argum.
1399 1529 1482 1559 L.B.
1509 1533 1582 1560 1821
1598 1553 1606 1567 ,
1628 1529 1664 1568 I,
1687 1540 1716 1570 p.
1739 1527 1939 1569 718—720),
1964 1532 2025 1558 turn

337 1588 426 1618 etiam
458 1588 556 1617 dedita
587 1588 674 1629 opera
698 1593 786 1627 atque
819 1589 936 1619 uberius
971 1601 1167 1619 namnam
1193 1593 1221 1619 et
1244 1599 1383 1619 munius
1407 1588 1436 1618 in
1461 1589 1543 1620 libris
1565 1588 1650 1619 modo
1674 1588 1811 1619 laudatis.
1834 1606 1871 1612 -
1897 1587 1967 1618 Erat
1991 1588 2027 1617 il-

337 1646 387 1684 le,
411 1650 443 1676 ut
466 1646 574 1676 ibidem
597 1646 790 1685 describitur,
822 1647 873 1678 Vir
907 1657 978 1678 sane
1010 1658 1154 1687 magnus,
1185 1647 1355 1687 Philologus
1389 1648 1583 1686 praeclarus,
1620 1648 1743 1679 disertus
1775 1649 1901 1685 Orator,
1940 1657 2025 1677 verus

336 1705 550 1745 Philosophus,
585 1706 798 1745 plurimisque,
828 1716 903 1745 quae
930 1711 1069 1737 naturam
1109 1707 1270 1737 humanam
1301 1711 1429 1745 ornant,
1456 1707 1614 1738 virtutibus
1641 1708 1772 1747 insignis.
1814 1707 1947 1737 Arabum
1980 1707 2026 1736 hi-

333 1766 474 1805 storiam,
505 1767 667 1797 literariam
698 1767 727 1796 in
752 1766 872 1805 primis,
906 1777 1090 1805 summopere
1112 1767 1264 1807 diligebat.
1311 1767 1396 1806 Qiod
1418 1772 1449 1798 ut
1471 1773 1594 1807 apparet
1616 1778 1650 1798 ex
1670 1768 1803 1799 Censura
1827 1768 2022 1799 eruditissima

332 1829 560 1867 Descriptiones
591 1830 751 1868 Aegypti,
787 1826 955 1857 Abutsedae
988 1832 1128 1866 auclore,
1167 1828 1204 1857 ab
1238 1841 1262 1858 1.
1289 1841 1318 1858 n.
1347 1840 1514 1860 MICHAELE
1538 1829 1634 1860 editae
1656 1830 1737 1861 Gon.
1761 1832 1837 1870 1776
1859 1832 1906 1869 (D.
1933 1841 2025 1860 wr‘r-

332 1898 423 1916 usu.
447 1890 529 1917 Bibl.
553 1889 630 1918 Crit.
652 1886 687 1924 1,
713 1891 790 1925 part.
815 1901 842 1919 2.
873 1897 901 1924 p.
933 1892 1118 1926 77-112),
1161 1887 1209 1917 cui
1235 1887 1354 1918 brevem
1391 1889 1459 1919 bist.
1485 1889 1527 1919 lit.
1550 1889 1684 1919 Arabum
1708 1896 1896 1929 conspectum
1921 1890 2026 1928 praefi-

335 1945 395 1982 xit;
427 1946 469 1976 ita
498 1955 610 1984 qnoque
638 1956 671 1975 ex
694 1956 770 1976 nova
801 1948 884 1976 Bibl.
920 1949 1038 1977 Orient.
1070 1949 1245 1977 llerbelotii'
1290 1947 1416 1978 editione
1447 1949 1538 1988 (l‘lag.
1568 1948 1672 1979 Comit.
1699 1961 1788 1990 1777.
1810 1956 1856 1984 40.
1876 1959 1894 1985 4
1919 1949 2023 1989 volt.),

337 2017 462 2035 nmsxii
487 2010 516 2035 et
545 2018 575 2034 ιι.
608 2018 638 2036 Α.
668 2017 802 2036 senum·-
833 2006 908 2036 notis
942 2011 1041 2037 aucta.
1087 2006 1178 2037 Cuius
1198 2011 1299 2038 tamen
1322 2007 1456 2039 editIOnis
1476 2009 1552 2039 ratio
1575 2020 1786 2040 8C11ULT13N810
1811 2014 1928 2047 nostro,
1957 2022 2024 2039 cum

338 2068 430 2094 totius
464 2068 571 2103 Operis
603 2067 798 2103 evulgatione
827 2068 907 2096 nihil
937 2068 1109 2107 quidquam
1139 2079 1294 2097 commune
1339 2069 1483 2107 habenti,
1512 2068 1705 2099 vehementer
1736 2068 1918 2108 displicebat.
1961 2069 2023 2099 Hoc

340 2124 417 2154 enim
445 2124 625 2162 goslinum,
655 2129 687 2155 ut
718 2126 821 2156 melior
852 2126 882 2156 in
906 2127 1142 2165 accessionibus,
1163 2137 1189 2157 v.
1215 2138 1242 2157 e.
1267 2128 1303 2158 ad
1328 2133 1439 2159 tomum
1463 2137 1524 2165 4⁰⁰¹
1543 2129 1756 2169 congerendis,
1782 2129 1931 2160 institutus
1951 2136 2024 2161 esset

342 2183 491 2221 delectus,
514 2188 602 2221 utque
625 2189 840 2215 annotationes
855 2210 863 2225 ,
887 2199 966 2227 quas
988 2188 1119 2216 editores
1142 2189 1355 2226 Antliologiae
1373 2191 1523 2219 Persicae
1542 2193 1575 2219 in
1592 2193 1791 2230 praefatione
1822 2202 2025 2228 monuerunt,

343 2257 363 2273 a
391 2246 549 2274 Gallando
570 2247 724 2284 scriptas,
747 2249 780 2274 in
798 2248 882 2276 Bibl.
905 2248 1062 2277 Caesarea
1084 2250 1226 2285 servari,
1260 2247 1336 2285 quod
1356 2248 1385 2278 iu
1408 2249 1493 2287 epist.
1513 2249 1549 2279 ad
1570 2261 1722 2281 nonnum
1739 2274 1748 2287 ,
1771 2249 1851 2280 Prof.
1868 2251 1935 2281 olim
1958 2252 2028 2282 vin-

344 2304 429 2344 dob.‚
451 2305 511 2344 ipse
539 2309 664 2335 testatur
692 2305 771 2344 (vi-J.
791 2318 985 2338 murenam
1023 2306 1043 2337 l.
1066 2307 1085 2337 l.
1106 2317 1134 2346 p.
1156 2311 1192 2347 87
1217 2308 1290 2346 seq.)
1306 2332 1314 2346 ‚
1338 2308 1405 2338 huic
1430 2308 1548 2340 editioni
1571 2309 1721 2340 ornandae
1747 2309 1899 2341 adhibitae
1922 2317 2030 2342 essent.

344 2365 420 2396 Nota
444 2371 511 2396 sunt
545 2370 716 2405 praeterea,
750 2376 825 2405 quae
854 2380 886 2396 ιι.
916 2380 946 2397 Λ.
977 2379 1111 2398 senum.
1141 2377 1174 2397 ex
1206 2367 1315 2399 Literis
1343 2368 1479 2400 Arabicis
1509 2369 1606 2400 edidit.
1652 2369 1839 2401 Commodum
1872 2371 1894 2402 si
1924 2377 2028 2403 nactus

346 2424 444 2455 luisset
489 2426 757 2465 opportunitatem,
810 2430 965 2467 integram
1009 2437 1122 2466 quoque
1175 2429 1304 2457 Ilaririzi
1355 2430 1557 2459 Consessuum
1601 2429 1756 2461 editionem
1803 2441 1869 2461 cum
1914 2431 2028 2470 latina,
