2196 2950
367 197 411 230 2⁷1
825 194 869 225 T.
936 193 982 224 G.
1049 192 1078 225 Ι.
1142 191 1575 225 IUYNBOLL

364 317 468 353 tans,
509 321 589 342 eum
623 306 707 339 mihi
747 311 1002 350 repraesento,
1031 316 1103 338 non
1124 306 1267 350 qualem
1292 307 1399 339 toties
1428 317 1504 339 sese
1540 305 1748 350 praestitit,
1779 305 2047 350 incomparabi-

363 378 429 408 lem
466 373 625 406 Arabum
659 371 888 416 Scriptorum
927 372 1188 416 interpretem,
1233 373 1294 405 sed
1322 373 1359 405 in
1391 384 1431 405 eo
1464 372 1570 405 unice
1603 376 1845 416 occupatum,
1885 377 1927 404 ut
1963 371 2048 404 Cri-

362 442 474 473 licmn
508 438 554 471 V.
587 438 633 472 T.
660 444 794 482 ageret.
847 437 952 470 Hanc
983 438 1228 482 disciplinam,
1260 449 1376 481 quae,
1399 442 1441 469 ut
1477 442 1574 469 recte
1612 436 1778 479 colatur,
1801 437 1933 480 ingenii
1959 448 2049 469 acu—

360 518 438 539 men
482 506 637 550 requirit
677 511 713 538 et
759 505 986 548 sagacitatem
1034 503 1129 536 haud
1163 502 1402 545 mediocrem,
1444 514 1610 546 quaeque
1647 502 1725 534 ideo
1764 502 1878 546 ipsius
1914 503 2045 534 mentis

358 571 590 604 facultatibus
632 582 783 615 prorsus
826 569 1091 601 accommodata
1128 573 1230 610 erat,
1268 567 1382 610 hane,
1422 568 1594 611 inquam,
1637 567 1862 612 disciplinam
1903 579 2045 612 semper

356 636 553 678 dilexerat,
591 641 700 678 atque
739 638 859 666 tantos
894 632 937 665 ab
976 643 1016 664 eo
1048 632 1130 664 inde
1163 637 1352 676 tempore,
1395 644 1467 676 quo
1503 633 1573 677 ipsi
1599 644 1680 665 cum
1707 633 1761 664 Cl.
1791 643 1928 664 ruffino
1956 644 2045 665 eon-

356 703 511 735 venisset
548 699 693 733 Scholas
728 698 1150 742 Philologico-criticas,
1189 709 1282 741 quae
1316 697 1514 740 dicuntur,
1560 698 1709 730 alternis
1748 699 1853 730 annis
1889 697 2045 740 habere,

356 778 570 812 progressus
614 767 650 798 in
696 777 737 797 ea
778 764 936 806 fecerat,
979 769 1020 796 ut
1055 763 1142 796 haec
1181 762 1370 806 disciplina
1407 774 1447 795 eo
1483 768 1653 805 auctore,
1687 764 1716 795 si
1754 763 1892 797 diutius
1929 764 2042 797 vixis-

356 839 433 875 set,
474 844 567 865 nova
605 831 729 863 deinde
765 830 881 862 forma
915 829 1118 874 prodiisset.
1185 827 1292 870 Quod
1328 829 1498 872 quoniam
1539 839 1583 861 ex
1622 829 1796 873 Scriptis,
1832 830 1901 862 huc
1928 842 2043 874 usque

353 898 478 940 editis,
506 909 577 929 non
605 897 688 929 satis
714 900 892 940 apparet,
932 894 1081 927 uberius
1116 894 1371 939 exponendum
1407 899 1474 926 est.

401 963 586 1005 Subsidia,
608 962 738 1006 quibus
759 961 893 994 Critica
915 960 962 994 V.
980 960 1026 992 T.
1047 960 1200 1005 gaudet,
1222 965 1328 993 antea
1349 959 1506 992 adhibita
1523 959 1733 1004 diligenter,
1758 960 1819 993 sed
1843 960 1949 1005 vulgo
1971 972 2041 994 non

356 1029 554 1073 prudenter
574 1039 692 1072 neque
711 1032 817 1072 apte3
839 1027 942 1059 hodie
965 1037 1051 1060 vero
1074 1026 1143 1058 alia
1162 1037 1313 1070 perraro
1329 1051 1338 1069 ,
1363 1025 1433 1058 alia
1454 1037 1526 1058 non
1547 1037 1608 1068 ea,
1625 1037 1697 1070 qua
1716 1037 1784 1071 par
1805 1032 1880 1069 est,
1901 1027 2040 1059 ratione

353 1093 579 1126 adhibentur.
622 1093 660 1125 ln
685 1094 764 1137 ipsa
790 1105 824 1126 v.
853 1105 883 1125 c.
911 1092 1127 1134 Germania,
1153 1091 1216 1123 ubi
1237 1097 1363 1124 nostra
1387 1096 1503 1124 aetate
1528 1091 1736 1136 disciplinae
1758 1091 1949 1124 laetissime
1971 1091 2040 1125 sso-

353 1166 458 1202 rent,
485 1159 632 1192 Codices
656 1158 823 1191 Heln-aei
839 1184 848 1201 ,
876 1170 896 1190 a
921 1168 1149 1190 xnnxxcorro
1176 1163 1211 1189 et
1236 1168 1358 1189 ROSSIO
1384 1156 1526 1199 collati,
1555 1156 1631 1189 fere
1668 1157 1924 1201 negliguntur,
1951 1157 2038 1201 quin

354 1231 608 1268 monumenta,
636 1225 689 1257 his
718 1225 907 1257 Codicibus
935 1225 1048 1257 multo
1076 1223 1306 1267 antiquiora,
1337 1222 1535 1255 Versiones
1559 1227 1649 1266 puto
1670 1222 1864 1267 antiquas,
1891 1229 2041 1267 excepta

353 1290 504 1323 sortasse
527 1290 670 1322 Graeca
694 1289 973 1331 Alexandrina,
1002 1301 1021 1321 a
1048 1288 1232 1333 plerisque
1252 1288 1312 1321 vix
1337 1293 1528 1320 curantur.
1582 1287 1744 1320 Multum
1766 1294 1885 1320 tamen
1911 1288 2011 1321 abest
2028 1315 2036 1331 ,

353 1363 393 1388 ut
428 1356 514 1388 haec
540 1355 697 1388 subsidia
733 1355 853 1387 inutili
891 1354 1134 1399 suppellectili
1159 1354 1230 1385 sint
1254 1353 1535 1397 aequiparanda.
1589 1352 1696 1394 Quod
1725 1354 1789 1398 qui
1809 1355 2036 1398 existiment,

349 1427 452 1454 vetus
496 1426 660 1454 nostrum
707 1420 941 1465 proverbium
983 1421 1025 1452 iis
1070 1419 1218 1451 obiicio:
1269 1419 1443 1463 ignorata
1475 1430 1545 1452 non
1583 1422 1736 1452 amata!
1794 1419 1928 1462 Ratio,
1968 1432 2039 1463 qua

352 1486 516 1519 subsidiis
566 1487 635 1519 illis
681 1486 819 1518 utiliter
862 1487 915 1518 uti
952 1485 1112 1530 possint,
1148 1485 1177 1516 si
1209 1484 1451 1526 innotuisset,
1483 1484 1589 1516 aliam
1620 1485 1696 1517 sine
1736 1484 1844 1517 dubio
1881 1485 2036 1530 amplexi

349 1552 501 1584 fuissent
541 1553 767 1584 sententiam.
820 1551 896 1583 Illa
928 1551 1023 1583 enim
1051 1561 1157 1594 saepe
1182 1549 1318 1582 nullius
1356 1550 1501 1593 quidem
1539 1555 1625 1583 sunt
1665 1550 1790 1582 auxilii
1823 1551 1868 1583 ad
1895 1556 2035 1583 textum

349 1623 561 1661 corruptum
592 1617 853 1650 restituendum
871 1641 880 1658 ,
920 1628 1046 1650 verum
1075 1615 1233 1648 eiusdem
1270 1615 1435 1658 corrupti
1457 1614 1642 1647 historiam
1673 1626 1745 1647 non
1769 1627 1852 1648 raro
1876 1617 2034 1661 egregrie

350 1683 546 1715 illustrant.
599 1681 831 1714 Lectionibus
863 1693 992 1725 nempe
1020 1680 1191 1714 Codicum
1224 1679 1475 1712 Hebraeorum
1502 1680 1692 1723 diligenter
1722 1680 1860 1713 collatis
1885 1686 1920 1713 et
1947 1692 2035 1725 per-

350 1749 468 1793 pensis
485 1773 494 1790 ,
533 1749 752 1792 optimorum
782 1747 957 1779 librorum
987 1745 1040 1778 M.
1067 1746 1090 1778 S
1118 1746 1153 1778 S.
1181 1746 1423 1778 characterem
1441 1771 1450 1788 ,
1485 1751 1664 1789 aetatem,
1703 1747 1857 1791 patriam
1897 1752 1932 1779 et
1958 1747 2034 1779 ori-

348 1815 464 1857 ginem
510 1813 637 1845 melius
685 1813 853 1856 indagare
897 1813 1108 1857 poterimus.
1174 1811 1230 1844 Sic
1276 1812 1452 1844 transitus
1487 1811 1625 1844 facilior
1666 1812 1830 1844 redditur
1869 1812 1913 1844 ad
1950 1811 2034 1844 son-

347 1885 400 1911 tes
449 1879 696 1922 antiquiores,
746 1889 765 1910 e
812 1878 942 1921 quibus
985 1878 1020 1910 hi
1068 1877 1215 1909 Codices
1249 1876 1446 1919 fluxerint,
1492 1877 1750 1921 quodammodo
1788 1878 1932 1910 tandem
1969 1890 2033 1911 co·-

344 1944 582 1987 gnoscendos:
623 1945 672 1976 sic
715 1944 870 1987 denique
910 1943 1155 1975 remotissimis
1191 1943 1262 1975 illis
1295 1942 1520 1987 temporibus
1558 1943 1750 1988 propiores
1786 1944 2029 1977 admovemur.

351 2009 445 2041 Haec
477 2015 530 2042 est
561 2009 723 2051 utilitas,
764 2021 855 2052 quae
891 2020 935 2041 ex
975 2008 1122 2051 studio,
1161 2009 1257 2053 quod
1302 2019 1523 2042 uAMAKERUS
1560 2009 1750 2042 Codicibus
1787 2010 1856 2042 illis
1889 2011 2031 2054 impen—

345 2075 421 2116 dit,
467 2075 495 2106 si
541 2075 600 2106 alii
647 2075 722 2106 cius
768 2075 924 2118 vestigiis
963 2075 1127 2106 insistere
1165 2081 1340 2119 pergant,
1373 2075 1567 2119 aliquando
1606 2076 1844 2119 redundabit,
1880 2087 2029 2119 eamque

346 2154 386 2173 (ὐ
433 2140 583 2173 celerius
636 2146 826 2184 expectare
872 2141 980 2183 licet,
1036 2152 1106 2184 quo
1150 2141 1254 2174 citius
1301 2141 1336 2174 hi
1373 2141 1519 2174 Codices
1553 2142 1670 2174 denuo
1708 2142 1908 2186 meliusque
1943 2153 2031 2174 eon-

347 2206 539 2248 serantur,
581 2206 846 2250 lectionumque
884 2207 1101 2240 variantium
1149 2207 1252 2250 copia
1295 2218 1339 2238 ex
1383 2207 1484 2240 libris
1524 2207 1789 2251 antiquioribus
1840 2213 2026 2251 augeatur.

394 2272 494 2308 llaec
524 2277 641 2304 tamen
669 2271 907 2305 emolumenta
923 2298 931 2314 ,
968 2273 1130 2317 quamvis
1155 2273 1300 2304 minime
1324 2274 1583 2306 contemnenda
1600 2298 1609 2315 ,
1636 2273 1678 2305 iis
1705 2273 1835 2305 cedunt
1860 2273 2029 2305 utilitati-

346 2337 435 2379 bus,
474 2349 565 2381 qnae
607 2337 780 2369 Criticum
819 2336 865 2369 V.
902 2336 946 2369 T.
984 2338 1141 2370 studium
1176 2349 1219 2370 ex
1252 2338 1492 2371 Versionilms
1526 2338 1711 2383 antiquis,
1752 2343 1848 2370 reete
1889 2337 2030 2370 adhibi-

348 2403 415 2443 tis,
451 2403 486 2434 in
523 2409 708 2447 posterum
750 2403 913 2447 accipiat.
980 2403 1204 2437 Proavorum
1241 2402 1466 2447 aliorumque
1501 2403 1682 2436 laboribus
1717 2403 1851 2435 multae
1881 2403 1951 2436 iam
1985 2404 2027 2434 ad

349 2479 568 2501 cmmmmem
606 2470 763 2502 onmium
797 2469 957 2502 notitiam
979 2474 1063 2501 sunt
1087 2468 1271 2513 perlatae,
1307 2469 1588 2514 praeparatique
1616 2480 1739 2502 sumus
1756 2494 1765 2512 ,
1794 2469 1837 2502 ad
1862 2469 1924 2501 has
1951 2479 2028 2500 me-
