2196 2950
617 112 1316 147 ΑΝΝΟΤΑΤΙΟ.
1764 111 1809 144 53

131 232 217 260 quam
238 222 320 253 Avus
340 230 436 252 totam
460 222 644 262 absolverat,
671 225 803 255 versione
823 229 851 254 et
875 225 990 255 selectis
1011 224 1281 256 Grammaticorum
1303 224 1436 256 Arabum
1460 235 1494 255 ac
1515 227 1580 254 suis
1595 223 1809 254 observationi-

131 282 203 319 bus,
226 282 283 313 illis
304 280 459 312 addidisset
482 283 634 321 (xamen.
655 282 675 312 l·
696 283 716 312 l.
736 292 811 323 p.91
826 282 911 321 seq).
931 301 968 307 —
991 293 1110 313 nmmo
1132 293 1201 321 suo,
1228 293 1306 313 anno
1328 287 1404 324 1789
1425 288 1453 313 ct
1473 283 1606 322 sequenti
1627 283 1660 313 L.
1670 282 1704 312 B.
1726 292 1807 313 com-

130 341 278 380 moranti,
311 345 414 372 auctor
444 350 529 379 porro
557 341 673 380 extitit,
704 346 737 372 ut
770 344 964 373 Mat-riziam
985 342 1095 373 ederet.
1140 342 1225 380 Quod
1253 343 1406 373 consilium
1441 352 1498 380 quo
1518 342 1624 373 melius
1645 342 1697 381 ipsi
1721 342 1807 372 cede-

130 405 196 439 ret,
217 400 351 431 subsidiis
373 410 460 438 quam
483 400 614 438 plurimis
645 411 753 439 suoque
782 402 889 432 auxilio
921 412 989 433 eum
1019 402 1091 432 iuvit
1114 404 1222 437 (nmx.
1244 402 1263 432 l.
1282 402 1301 432 l.
1324 412 1352 440 p.
1375 403 1438 440 33).
1486 402 1552 439 Quo
1572 401 1650 432 facto
1672 402 1722 432 ille
1746 404 1806 431 He-

127 471 205 499 gum
237 461 345 489 Islam.
377 462 411 489 in
443 461 618 500 Abyssinia
647 463 811 491 historiam
840 461 931 492 edidit
957 461 994 491 L.
1022 460 1056 490 Β.
1093 472 1169 501 1790
1190 467 1247 499 40,
1284 460 1319 490 de
1341 471 1399 499 qua
1425 461 1482 491 tid.
1503 472 1700 491 scusnnnnn.
1722 463 1808 490 Bm.

130 522 232 550 Arab.
261 530 290 558 p.
323 523 389 551 155.
436 519 650 558 Argumentum
683 520 825 560 denique,
858 521 934 560 quod
967 532 1103 552 senum.
1130 521 1160 551 in
1192 521 1279 551 Orat.
1300 521 1440 551 tractavit
1463 523 1500 551 de
1521 524 1643 561 ingenio
1664 523 1808 551 Arabum,

130 579 165 609 L.
185 578 221 608 B.
246 581 344 619 1788,
376 584 476 618 postea
499 579 617 611 uberius
640 580 701 619 ipse
722 581 777 611 sibi
800 580 1004 619 exponendum
1027 585 1227 620 proposuerat.
1252 583 1362 620 (num.
1385 581 1404 611 l.
1428 581 1447 611 l.
1469 591 1498 620 p.
1520 580 1585 620 43).

171 638 302 669 Tantum
336 644 435 670 autem
462 640 564 678 abest,
587 645 619 671 ut
651 640 787 672 Arabicis
806 644 880 671 solis
904 641 1033 672 colendis
1054 641 1244 679 inclaruerit,
1272 646 1323 679 ut,
1346 641 1478 679 quamvis
1499 650 1556 670 non
1581 640 1652 670 adeo
1677 642 1805 679 Scriptis

129 700 274 737 edendis,
306 699 356 730 sed
386 703 557 740 praeclara
593 710 626 730 eo
659 701 750 739 magis
783 704 967 731 instituendi
994 705 1135 739 ratione,
1161 701 1196 730 de
1222 700 1328 731 Literis
1344 703 1512 730 Hebraicis
1534 700 1563 730 in
1587 699 1688 730 Patria
1709 704 1809 730 nostra

129 759 291 790 tractandis
325 759 434 798 optime
466 760 588 791 meritus
610 760 656 791 sit.
697 761 760 791 Hac
781 761 859 791 enim
881 766 912 792 ut
935 761 1012 800 apud
1032 761 1190 792 nonnullos
1210 760 1334 791 Iuvenes
1355 760 1549 791 Academicos
1571 763 1782 790 Arabicarum
1797 785 1806 798 ,

128 819 169 848 ita
202 819 279 857 apud
319 819 456 858 plurimos
496 822 730 851 Heln-nicarum
771 820 973 851 incredibilem
1014 831 1142 851 amorem
1184 821 1322 851 excitavit
1363 820 1448 851 simul
1482 825 1569 858 atque
1596 820 1679 850 aluit.
1734 819 1805 849 Erat

130 877 301 908 instituendi
335 879 386 909 illa
417 879 492 910 ratio
526 879 612 919 digna
643 880 804 918 discplinae
837 881 965 919 itemque
999 880 1225 918 venustissima,
1257 885 1376 918 tamque
1409 880 1529 918 efficax,
1552 885 1603 918 ut,
1626 889 1701 917 quae
1724 879 1804 909 Avus

128 937 240 976 egregie
274 937 394 976 quidem
423 938 582 977 docuerat,
607 949 740 978 quaeque
762 950 778 970 a
800 940 889 970 Patre
914 939 1026 970 illibata
1042 964 1050 978 ‚
1074 944 1124 970 aut
1148 939 1263 978 plenius
1286 939 1381 977 potius
1402 944 1607 978 pertractata,
1630 943 1805 977 acceperat,

126 1006 200 1035 quae
226 1007 295 1027 vero
325 1008 360 1028 ex
391 998 517 1029 Scholae
544 999 649 1030 umbra
680 1000 726 1030 vix
754 999 943 1039 prodierant,
973 1000 1002 1030 in
1035 1000 1130 1030 locum
1152 1001 1245 1030 multo
1267 1001 1439 1038 ampliorem
1461 1000 1599 1031 educeret
1624 1005 1649 1030 et
1673 1001 1703 1030 in
1724 1011 1805 1030 com-

126 1068 245 1088 munem
277 1057 459 1089 Nostratium
490 1070 576 1090 usum
604 1060 696 1099 magis
722 1061 870 1100 magisque
897 1065 1096 1091 converteret.
1141 1060 1292 1092 Nonnulla
1312 1062 1422 1100 etiam,
1456 1062 1486 1092 in
1518 1074 1591 1092 ALB.
1622 1075 1751 1093 senum.
1774 1063 1791 1092 li

126 1117 185 1148 hris
214 1118 300 1149 obvia
314 1142 323 1157 ,
357 1123 385 1149 et
418 1128 519 1149 revera
552 1119 767 1159 improbanda,
790 1120 969 1151 emendavit.
1011 1120 1133 1152 Alienus
1154 1126 1218 1151 erat
1240 1132 1256 1151 a
1280 1125 1372 1151 nimio
1395 1121 1444 1151 illo
1466 1124 1683 1163 Etymulogiae
1700 1136 1808 1164 perse-

127 1180 266 1218 quendae
300 1187 419 1217 amore,
451 1184 480 1209 et
513 1183 679 1220 quaesita,
715 1191 790 1219 quac
821 1191 888 1211 rum
920 1191 953 1211 eo
975 1182 1063 1220 vulgo
1085 1182 1243 1212 coniuncta
1266 1186 1351 1220 erat,
1376 1184 1515 1212 vertendi
1537 1186 1668 1213 ratione.
1712 1182 1807 1221 Ipsam

123 1249 210 1278 porro
240 1239 531 1280 Interpretationem
563 1240 657 1271 multo
685 1241 927 1279 praestantiorem
962 1240 1094 1270 tradidit.
1137 1240 1169 1270 In
1192 1240 1322 1270 omnium
1344 1241 1378 1271 V.
1400 1241 1435 1271 T.
1454 1241 1657 1280 Scriptorum,
1692 1246 1807 1272 Poeta.

124 1313 194 1330 rum
227 1300 374 1339 maxime,
412 1300 558 1339 cogitandi
589 1300 737 1331 scribendi
769 1300 943 1339 dicendique
973 1301 1116 1332 rationem
1150 1300 1273 1331 interlus
1303 1301 1452 1340 inquirere
1483 1302 1512 1332 in
1547 1303 1645 1340 primis
1678 1303 1807 1333 amabat.

125 1359 205 1397 Quos
235 1370 292 1398 quo
317 1360 479 1391 illustraret
498 1361 748 1399 consummatius,
782 1371 816 1391 ac
836 1360 872 1392 V.
897 1360 934 1390 T.
956 1360 1133 1398 Interpretes
1171 1361 1368 1392 Orientalium
1393 1371 1480 1393 sensu
1501 1362 1618 1400 penitus
1638 1363 1806 1399 imbueret,

125 1419 321 1450 Arabicarum
354 1419 521 1450 Literarum
550 1420 645 1451 studio
675 1420 788 1459 egregie
820 1431 891 1450 usus
921 1425 973 1451 est.
1018 1420 1104 1457 Quod
1138 1421 1192 1458 ipsi
1219 1421 1292 1450 adeo
1323 1421 1431 1460 cessit,
1456 1426 1487 1451 ut
1511 1432 1568 1452 non
1591 1421 1720 1453 Eruditis
1742 1427 1807 1452 tan-

124 1484 187 1510 tum
201 1504 209 1518 ,
228 1479 278 1511 sed
296 1479 430 1511 omnibus
449 1480 568 1510 omnino
589 1480 705 1519 pulchri
726 1480 894 1511 amantibus
915 1480 1080 1510 carminum
1107 1480 1320 1511 Hebraicorum
1344 1481 1515 1512 iniiceretur
1536 1481 1700 1512 admiratio.
1744 1481 1808 1511 Hu-

124 1540 169 1570 ius
202 1539 416 1578 interpretandi
447 1540 596 1578 methodi,
632 1550 720 1578 quam
754 1549 822 1570 Vere
848 1543 1003 1580 poetieam
1034 1540 1131 1578 dicas,
1163 1540 1223 1570 sive
1245 1543 1472 1579 aestlzeticczm,
1504 1553 1536 1571 Η.
1558 1552 1589 1571 A.
1613 1553 1802 1572 scuuLTExs.

126 1600 236 1638 primus
268 1599 298 1630 in
330 1599 430 1630 Patria
460 1599 558 1630 nostra
588 1599 672 1629 firma
697 1599 890 1629 fundamenta
921 1599 1032 1637 posuit3
1067 1599 1142 1630 lianc
1173 1610 1241 1631 vero
1273 1601 1331 1631 suis
1362 1601 1415 1639 ipsi
1438 1600 1580 1639 Scriptis,
1604 1602 1695 1640 iisque
1725 1602 1802 1633 haud

126 1659 243 1698 paucis,
286 1659 422 1698 deinceps
460 1659 705 1690 commendarunt
739 1663 800 1689 tum
832 1659 905 1696 alii,
937 1663 999 1689 tum
1029 1659 1227 1698 maximopere
1254 1660 1299 1691 Cl.
1327 1673 1478 1692 ramnus.
1532 1661 1614 1692 Illius
1648 1668 1745 1692 autem
1775 1665 1803 1693 in

126 1729 160 1748 eo
190 1729 297 1758 genere
328 1729 420 1750 unum
455 1719 539 1750 modo
570 1719 714 1749 habemus
745 1719 915 1757 specimen,
938 1718 1190 1750 Commentariurn
1213 1720 1242 1750 in
1266 1724 1302 1751 28
1324 1721 1421 1759 prlora
1443 1720 1504 1751 lobi
1523 1722 1638 1759 capita,
1667 1722 1743 1752 edita
1767 1723 1805 1752 ab

127 1791 160 1808 n.
182 1790 394 1810 murtrmemo
427 1781 508 1821 (Het
542 1781 614 1808 boek
644 1791 707 1809 van
739 1781 815 1815 Job,
847 1778 943 1808 Amst.
977 1788 1076 1819 1792,
1112 1778 1184 1818 80),
1218 1780 1265 1818 qui
1296 1780 1408 1818 reliqua
1440 1781 1476 1810 ad
1506 1780 1591 1810 sinc-:11
1624 1791 1712 1819 usque
1743 1783 1802 1819 ipse·

127 1838 309 1879 conscripsit.
712 1872 719 1877 f

169 1898 222 1928 His
240 1910 269 1927 n.
291 1910 319 1927 A·
338 1907 545 1928 sCHUL'rENsu
567 1897 701 1927 laudibus
726 1896 874 1928 addantur
894 1897 1018 1935 denique
1041 1897 1170 1928 eius-«lem
1195 1898 1223 1928 in
1249 1900 1398 1929 Cricicam
1415 1903 1454 1930 V.
1475 1904 1508 1930 T.
1528 1905 1555 1930 et
1569 1904 1801 1941 Antiquitatum

126 1959 343 1988 Hebraeorum
371 1957 487 1987 merita.
530 1957 637 1995 Hanc,
671 1961 702 1986 ut
738 1957 786 1987 alii
821 1956 881 2005 ei‘us
905 1956 1073 1995 Aequales,
1098 1957 1302 1989 Rabbinorum
1325 1959 1497 1989 commentis
1519 1960 1647 1998 (missis,
1680 1960 1802 1991 docebit

126 2017 286 2055 concinne,
318 2017 490 2055 perspicue,
521 2016 713 2055 philosopl1e3
737 2016 855 2055 eiusque
888 2016 1048 2055 expositio,
1084 2028 1116 2046 eo
1136 2017 1318 2056 interprete,
1341 2019 1474 2050 omnibus
1495 2019 1665 2057 quorumvis
1687 2021 1802 2050 Artium

126 2077 413 2116 Disciplinarumquc
442 2077 582 2108 Studiosis
609 2076 773 2115 gratissima
801 2081 864 2107 erat
900 2081 928 2106 et
969 2076 1149 2114 optatissima
1185 2079 1341 2118 (camur.
1372 2079 1391 2109 l.
1424 2079 1444 2108 l.
1463 2089 1493 2116 p.
1515 2079 1578 2117 34).
1623 2079 1803 2109 Prudensem

126 2147 211 2168 usum
244 2136 372 2167 Criticae
402 2136 432 2167 S.
462 2141 580 2167 strenue
603 2135 773 2166 vindicabat
795 2146 862 2167 cum
888 2147 904 2167 a
923 2137 1129 2178 plerorumque
1146 2137 1350 2175 praeiudicatis
1373 2137 1577 2176 opinionibus,
1610 2139 1692 2168 illam
1713 2141 1803 2177 perti-

127 2196 242 2227 naciter
273 2196 497 2234 damnantium,
529 2201 591 2227 tum
623 2207 640 2226 a
660 2196 868 2227 nonnullorum
893 2196 927 2226 ea
948 2196 1067 2235 indigne
1088 2196 1272 2228 abutentium
1294 2198 1471 2236 petulantia.
1522 2199 1588 2237 Qua
1611 2199 1639 2228 in
1664 2208 1694 2228 re
1717 2209 1804 2236 quam

127 2256 308 2293 praestantia
336 2256 396 2287 eius
428 2255 538 2286 suerint
570 2260 751 2294 praecepta,
783 2268 978 2287 Ram-emm
1008 2255 1139 2297 exposuit
1168 2256 1203 2293 (l.
1236 2257 1254 2287 l.
1286 2267 1315 2296 p.
1346 2259 1504 2298 29-33)‚
1532 2258 1694 2296 additisque
1716 2258 1804 2297 ipsius

127 2325 339 2346 senum-msu
364 2315 587 2355 monitis‚quae
608 2316 637 2346 in
661 2315 789 2347 eiusdem
811 2316 940 2355 epistolis
963 2320 1096 2354 exstant,
1123 2315 1280 2347 illustravit
1303 2319 1351 2356 (p.
1373 2317 1519 2358 82—87).
1542 2318 1626 2356 Alia,
1642 2318 1804 2356 ‹linei-lem

127 2373 320 2413 confirmant,
354 2375 528 2407 documenta
559 2376 749 2415 reperiuntur
779 2376 809 2407 in
842 2378 927 2407 Bibl.
958 2378 1035 2407 Crit·
1067 2375 1130 2418 (ubi
1161 2376 1250 2407 etiam
1278 2389 1453 2409 WYTTENB.
1486 2377 1546 2416 ipse
1569 2376 1630 2416 Ill,
1666 2384 1741 2416 part.
1767 2391 1803 2416 1,
