2196 2950
627 120 1323 157 ΑΝΝΟΤΑΤΙΟ.
1772 116 1818 149 57

147 248 218 275 ms,
252 247 404 274 s'romul,
434 247 589 273 nnzuu,
623 247 739 266 vxi-mu
774 233 845 274 (vid.
873 248 981 267 onsm«.
1008 235 1028 264 l.
1057 235 1077 264 1.
1107 244 1134 272 p.
1168 238 1225 266 130
1253 233 1348 272 seq.),
1380 240 1454 271 quae
1476 240 1543 260 cum
1565 229 1633 268 alii,
1656 233 1720 259 tum
1742 240 1811 258 iou.

146 307 317 326 voonsrms
336 299 365 325 et
388 306 418 324 11.
436 305 667 324 mummoums
688 294 844 332 diligenter
866 294 895 324 in
916 305 981 324 suos
1003 304 1071 324 usus
1092 297 1312 323 converterunt.

190 354 224 383 P.
251 365 296 384 10.
318 354 368 384 lin.
391 364 439 383 21.
484 352 705 389 wamiam-us,
731 363 981 391 MUNrmc-mus,
1002 364 1172 383 nnavius.
1192 369 1227 375 ——
1250 351 1318 381 1011.
1339 361 1499 381 wamm-
1520 354 1608 380 natus
1629 347 1813 379 Amsteloda-

146 414 185 444 mi
219 418 254 445 13
283 412 357 443 Nov.
380 416 476 452 1750,
511 411 618 442 ibidem
648 411 719 441 obiit
752 423 790 442 20
814 412 884 442 Oct.
918 416 1007 444 1835.
1047 412 1098 443 Vir
1124 415 1187 441 erat
1216 420 1347 441 summae
1371 409 1561 446 eruditionis,
1595 408 1674 438 acuti
1694 406 1814 444 iudicii,

145 472 301 502 inernorIae
333 471 463 509 tenacis,
495 470 670 509 Artiumque
700 480 759 501 non
789 472 885 502 minus
905 482 993 510 quam
1012 471 1264 509 Disciplinarum,
1297 469 1334 499 Ο.
1355 469 1391 498 O.
1412 469 1441 498 iu
1462 468 1583 506 primis,
1604 476 1672 497 acer
1696 466 1811 497 vindex.

146 530 333 570 Aliquadeu
361 530 445 560 Sacri
475 529 607 560 Oratoris
637 539 758 560 munere
792 530 930 569 functus,
960 531 1075 562 Literas
1102 531 1140 561 Ο.
1168 530 1207 561 Ο.
1232 530 1358 568 primum
1392 528 1490 558 docuit
1520 526 1731 563 Harderovivi,
1764 525 1813 555 ubi

149 601 296 620 scunimo
327 599 404 619 anno
439 599 516 630 1794
545 590 704 629 successit,
734 590 877 621 Oratione
907 591 1007 621 habite
1027 593 1064 621 de
1086 603 1179 621 sensu
1200 592 1330 631 pulchro
1351 591 1506 619 Arabum.
1550 587 1684 618 Alteram
1707 586 1814 615 ibidem

147 649 319 680 Orationem
348 649 470 688 habuit,
507 650 624 680 biennio
652 654 716 688 post
746 650 924 680 Academiae
959 650 1091 680 Hectoris
1121 659 1243 680 munere
1268 648 1418 687 deposito,
1456 650 1493 678 de
1511 650 1633 688 ingenio
1656 648 1816 676 Hebraeo-

148 722 233 747 rum,
267 713 312 739 ad
337 713 447 750 poesin
478 712 630 750 imprimis
661 714 835 750 composito.
879 709 1030 748 Tertiam,
1065 720 1144 741 anno
1180 713 1256 745 1804.
1276 709 1306 739 in
1331 708 1521 738 Athenaeum
1545 705 1817 737 Amstelodamense

148 769 281 807 delatus,
325 781 530 799 warnaveno
563 774 697 807 mortuo,
740 772 777 799 a'e
803 772 967 800 retinenda
1001 773 1134 810 antiqua
1165 771 1363 798 Batavorum
1393 770 1426 797 in
1461 770 1540 796 Lite.
1573 768 1609 795 O.
1638 767 1675 795 Ο.
1705 767 1821 804 gloria.

147 828 296 866 Quartam
324 828 470 867 denique,
501 838 579 858 anno
614 832 688 868 1807
715 828 860 858 Historiae
879 829 936 865 O.,
961 839 1029 859 cum
1050 828 1143 858 civilis
1164 832 1226 857 tum
1250 827 1419 864 literariae,
1442 825 1623 864 provinciam
1644 823 1751 854 ibidem
1767 833 1817 853 ca-

150 897 287 926 pessens,
315 889 352 917 de
385 889 530 917 Arabum
563 891 682 917 meritis
717 891 750 918 ιἠ,
782 891 860 917 Lite.
889 890 996 917 Medio
1024 889 1112 918 Aevo
1142 889 1353 917 illustrandis.
1396 885 1439 915 Ex
1468 885 1512 915 his
1529 885 1571 914 uti
1592 888 1672 922 patet
1692 881 1820 913 fervidus

151 946 211 977 eius
233 946 263 976 in
281 946 334 976 has
349 946 464 976 Literas
483 956 586 985 amor,
607 946 647 977 ita
669 956 798 985 quoque,
816 957 853 977 ne
873 947 945 978 alias
966 955 1191 977 commemorem
1212 945 1400 983 scriptiones,
1427 943 1587 975 vernaculo
1607 951 1741 973 sermone
1759 941 1819 971 edi-

151 1010 214 1043 tas,
235 1015 269 1036 ex
290 1008 403 1035 Lexieo
426 1009 459 1036 in.
482 1009 656 1044 Coranum,
684 1009 854 1036 Han'rizim
873 1014 903 1036 et
928 1009 1037 1037 Vitam
1065 1008 1184 1035 Timuri
1204 1005 1287 1036 Rott.
1309 1008 1386 1045 1784
1409 1010 1466 1041 40,
1488 1012 1522 1032 ex
1545 1004 1657 1033 Comm-
1679 1003 1716 1031 de
1741 1003 1818 1031 Vita

155 1068 291 1104 Lahidi,
326 1066 434 1096 inserta
467 1068 618 1106 Operibus
650 1069 724 1096 Lat.
750 1069 788 1096 cl.
816 1070 862 1098 3²¹e
887 1068 968 1096 Inst.
997 1068 1075 1105 Reg.
1105 1067 1196 1105 Belg.
1226 1063 1239 1094 1
1265 1069 1293 1094 et
1322 1074 1356 1094 ex
1391 1063 1684 1099 observationibus,
1716 1060 1821 1091 additis

149 1128 296 1155 Amarae
320 1128 463 1155 Poemati‘
488 1127 648 1164 Arabico,
682 1125 758 1164 quod
783 1135 850 1156 cum
879 1128 1007 1166 integris
1029 1127 1177 1154 Zouzenii
1197 1126 1322 1154 scholiis
1350 1122 1439 1153 edidit
1461 1122 1522 1152 eius
1543 1121 1712 1159 Disciputus
1736 1132 1767 1150 v.
1790 1132 1820 1150 Ε.

152 1197 256 1216 meme
285 1185 319 1215 L.
354 1184 389 1215 B.
431 1187 521 1215 1816.
565 1185 730 1224 Discipulos
756 1186 834 1216 enim
857 1196 924 1216 eum
956 1184 1085 1223 aliosque
1116 1183 1219 1214 habuit
1252 1183 1334 1213 Viros
1368 1181 1454 1212 laude
1477 1181 1668 1219 conspicuos,
1703 1184 1731 1210 et
1755 1188 1823 1210 vero

156 1255 382 1282 mummium,
428 1244 630 1283 Praeceptoris
671 1245 776 1275 merita
819 1245 904 1283 digne
946 1243 1147 1275 celebrantem
1192 1243 1221 1272 in
1265 1241 1358 1281 praef.
1399 1245 1499 1272 Lecti.
1540 1243 1692 1270 Plzilostr.
1723 1239 1759 1270 L.
1788 1239 1824 1269 B.

154 1306 252 1343 1816,
288 1314 317 1342 p.
347 1303 400 1336 VII
433 1314 492 1343 seq.
538 1304 742 1335 Invalesccnte
772 1308 943 1342 senectute,
980 1313 1058 1334 anno
1095 1306 1170 1333 1828
1204 1302 1298 1332 otium
1320 1306 1427 1339 nacto,
1463 1312 1644 1332 wnmumo
1667 1299 1822 1330 adiunctus

153 1368 195 1394 est
229 1363 274 1394 Cl.
305 1376 429 1394 RoonnA
444 1388 453 1402 ,
485 1364 515 1394 in
548 1364 634 1395 Orat.
655 1367 692 1394 cle
720 1367 853 1394 Poetriis
875 1366 1031 1394 Hebraeis
1056 1362 1155 1392 laudes
1179 1361 1248 1392 huic
1277 1361 1390 1391 debitas
1414 1370 1463 1399 pro
1487 1360 1586 1390 oblata
1609 1358 1824 1397 opportunitate

153 1433 384 1454 commemorans
415 1425 465 1464 (p.
489 1429 526 1464 39
551 1424 640 1463 seq).
695 1424 907 1461 Plerarumque
938 1421 1128 1453 Eruditarum
1157 1421 1186 1451 in
1219 1420 1319 1450 Patria
1353 1419 1478 1457 socius,
1514 1429 1591 1449 anno
1629 1422 1706 1448 1822
1728 1417 1821 1448 socius

151 1482 239 1512 etiam
273 1487 390 1513 creatus
426 1487 468 1513 est
502 1483 656 1514 Societatis
689 1483 782 1513 Asiat.
815 1483 909 1513 Paris.
960 1481 1150 1521 Splendidam
1176 1484 1234 1511 250
1257 1479 1375 1510 circiter
1398 1479 1481 1509 MSS.
1502 1478 1539 1509 O.
1562 1479 1598 1508 O.
1620 1477 1822 1509 collectionem

152 1541 290 1580 reliquit,
326 1541 480 1572 Codicibns
513 1547 697 1573 constantem
720 1542 785 1581 Syr.
807 1541 889 1572 Pers.
910 1541 1029 1572 Turcic.
1051 1541 1169 1572 Malaic.
1192 1541 1332 1579 aliisque,
1357 1540 1386 1570 in
1413 1539 1512 1577 primis
1537 1538 1647 1576 Arab.‚
1669 1537 1698 1568 in
1722 1538 1826 1576 quibus

152 1601 285 1631 nonnulli
307 1601 411 1631 summi
435 1602 518 1639 pretii
541 1602 743 1639 reperiuntur.
790 1602 870 1631 Haec
895 1602 1080 1639 nuperrime,
1104 1606 1135 1631 ut
1159 1600 1281 1638 serunt,
1307 1610 1324 1629 a
1347 1599 1428 1638 Rege
1451 1600 1584 1636 cossmta,
1608 1597 1746 1628 Instituto
1769 1596 1827 1626 Re-

152 1662 197 1699 gio
229 1661 348 1700 Belgico
378 1661 477 1691 oblata
508 1666 562 1692 est.
605 1660 669 1699 Ipse
701 1665 800 1691 autem
833 1673 1024 1691 wmmnzrus
1058 1660 1228 1691 Institutum
1251 1659 1385 1690 omnibus
1405 1668 1517 1697 quoque
1540 1658 1574 1688 iis
1598 1656 1715 1687 donavit
1738 1656 1824 1686 libris

154 1724 190 1751 0.
215 1724 250 1751 O.
272 1725 352 1761 typis
376 1725 547 1761 expressis,
574 1730 644 1759 quos
667 1721 856 1750 annotatione
878 1720 1066 1751 instruxerat.
1111 1720 1268 1759 Catalogus
1291 1729 1411 1756 eorum,
1447 1718 1551 1756 quibus
1573 1715 1758 1746 Bibliotheca
1781 1714 1831 1745 Ιη-

151 1781 244 1810 stituti
268 1781 462 1819 praecedente
485 1791 563 1810 anno
585 1780 642 1810 iam
666 1779 759 1809 ditata
782 1784 843 1817 est,
868 1780 1022 1810 exhibetur
1043 1780 1073 1810 in
1097 1781 1376 1810 Preces-verbani
1399 1790 1427 1807 ν.
1454 1779 1485 1806 d.
1518 1788 1565 1816 29.
1610 1778 1736 1815 Algem.
1760 1787 1828 1804 ver-

151 1842 229 1879 gad.
258 1852 287 1869 ν.
313 1842 342 1869 li.
372 1842 445 1869 Kon.
479 1841 608 1868 ,Nederl-
646 1840 723 1868 Inst-
751 1841 804 1878 (29
834 1838 909 1877 Aug.
937 1839 1028 1877 1836)
1048 1849 1076 1877 p.
1098 1841 1232 1878 35—39.
1274 1837 1308 1867 In
1330 1837 1374 1867 his
1395 1847 1422 1866 v.
1443 1847 1469 1866 c.
1486 1839 1603 1873 praeter
1624 1837 1779 1864 Coranum
1801 1839 1829 1863 et

157 1902 299 1930 Arabica
324 1911 414 1929 GOLII
438 1899 583 1936 ipsiusque
607 1909 777 1928 w1LLMm1
805 1901 924 1928 Lexica
939 1922 947 1936 ‚
982 1903 1070 1936 atque
1092 1898 1221 1928 eiusdem
1246 1899 1409 1927 Orationes
1424 1920 1432 1934 ‚
1457 1895 1596 1934 pleraque
1619 1898 1830 1924 enumerantur

155 1959 276 1997 Opera,
308 1959 338 1989 in
370 1958 470 1988 Patria
497 1957 595 1988 nostra
622 1957 780 1987 maximam
809 1962 922 1996 partem
955 1957 1024 1988 olim
1055 1956 1145 1987 edita.
1198 1955 1371 1994 Exemplum
1405 1955 1524 1993 insuper
1555 1966 1671 1985 rmivn
1705 1966 1825 1984 1031-:1’111

158 2029 225 2048 cum
247 2017 352 2048 charta
374 2017 548 2055 intermed.,
571 2017 600 2047 in
623 2027 680 2055 qua
703 2029 734 2047 n.
756 2027 916 2046 ananus
940 2015 1080 2047 Codicum
1103 2015 1184 2046 MSS.
1203 2015 1387 2046 collationem
1401 2039 1409 2053 ‚
1435 2014 1655 2044 annotationem
1679 2018 1707 2044 et
1730 2023 1830 2044 emen-

157 2077 287 2109 dationes
309 2077 473 2116 adscripsit.
524 2076 661 2108 Breviter
683 2076 718 2106 de
741 2087 916 2107 wamiam
939 2076 1067 2106 relatum
1087 2079 1129 2106 est
1148 2075 1179 2105 in
1202 2076 1326 2114 Algem.
1346 2076 1441 2104 Konst
1459 2085 1498 2103 en
1522 2074 1703 2102 Letterhode
1729 2076 1827 2110 1835,

156 2137 196 2167 N.
219 2141 280 2176 48,
303 2147 332 2175 p.
355 2141 411 2176 307
436 2146 513 2175 seq.‚
539 2141 568 2167 et
589 2136 618 2166 in
641 2140 756 2167 Proces
771 2138 927 2167 -verbaal
956 2137 1058 2176 (supra
1080 2134 1173 2170 laud.)
1198 2145 1227 2173 p.
1251 2136 1390 2172 14—16,
1421 2133 1469 2163 ubi
1503 2133 1593 2163 etiam
1615 2132 1740 2162 aliarum
1763 2132 1829 2163 Dis-

155 2198 346 2228 sertationum
375 2197 406 2227 fit
439 2197 570 2236 mentio,
603 2207 676 2235 quas
711 2208 909 2227 wunnerus
942 2194 1071 2226 Instituti
1093 2194 1183 2224 Sociis
1205 2193 1348 2233 praelegit
1370 2195 1407 2223 a'e
1441 2196 1566 2222 Sonricze
1599 2195 1755 2230 historia,
1778 2204 1831 2222 ar·-

155 2264 321 2295 gumento,
356 2259 561 2293 auctoritate,
597 2263 626 2286 et
656 2259 777 2296 pretio,·
810 2258 847 2285 de
881 2257 1047 2293 Arabum,
1081 2256 1311 2284 Molzammedr's
1348 2256 1380 2283 in
1410 2256 1520 2293 primis
1553 2260 1581 2282 et
1613 2254 1761 2281 sssamum‘
1793 2253 1829 2281 de

164 2316 350 2354 Disciplinis
373 2319 514 2351 meritis‚·
536 2318 573 2345 de
596 2323 791 2345 mercaturae
813 2317 975 2345 Arabicae
997 2317 1129 2345 liis-toria
1152 2318 1209 2344 cei·

204 2373 249 2403 De
281 2386 380 2405 nrum.
411 2387 627 2405 MUNTKNGHIO
662 2374 719 2405 vid.
742 2377 867 2416 Algem.
890 2377 983 2405 Konet
1006 2388 1042 2405 en
1068 2376 1253 2405 Leuerhode
1291 2377 1388 2412 1824,
1417 2373 1454 2403 N.
1483 2384 1516 2413 19
1533 2396 1541 2411 ,
1564 2382 1592 2410 p·
1619 2375 1778 2412 289—291
1804 2376 1834 2402 et

1575 2430 1598 2465 8
