2196 2950
744 137 1191 172 ORATIO.
1799 143 1820 174 τ)

112 254 238 299 primis
277 250 564 298 praeeuntibus,
603 249 750 283 Literae
795 250 970 283 Arabicae
1017 253 1129 295 magis
1168 238 1423 295 innotescunt3
1465 260 1501 286 et
1540 255 1734 299 Syriacae,
1773 255 1815 288 ab

114 319 317 353 Assemanis
352 318 506 360 aliisque
543 327 584 347 ex
616 314 703 348 Asia
741 316 777 347 in
813 315 999 360 Europam
1034 316 1253 359 translatae,
1292 318 1468 351 vindicem
1504 319 1561 352 hie
1595 322 1817 354 nanciscun-

114 392 176 418 tur
212 392 424 417 LUDOVICUM
459 391 617 414 DvaM.
681 379 834 413 Talibus
883 392 969 415 vero
1017 382 1225 426 primordiis
1250 383 1384 415 iterum
1422 391 1572 418 eventus
1603 387 1698 419 haud
1729 399 1816 420 con-

112 450 230 483 festim
280 447 478 492 respondit.
553 446 821 478 Hebraicorum
868 458 969 478 amor
1019 447 1198 492 paulatim
1240 448 1384 492 quidem
1427 456 1604 493 augetur,
1640 454 1702 485 sed
1742 465 1814 485 non

112 513 297 548 invalescit
339 512 574 544 dialectorum
617 510 763 543 illarum
801 511 988 555 studiu1n3
1037 514 1073 545 in
1107 514 1232 558 paucis
1261 514 1365 546 modo
1401 526 1526 547 carum
1567 517 1674 548 ardor
1713 518 1814 550 exci—

112 585 229 621 tatur,
264 577 427 610 Arabum
465 578 718 622 Syrorumque
755 577 839 610 libri
873 589 1025 623 perraro
1062 579 1242 623 eduntur,
1286 580 1453 612 nonnulli
1492 585 1634 613 tantum
1678 581 1815 615 Gram-

110 645 261 677 maticen
299 643 506 676 Hebraeam
539 655 621 676 cum
659 643 790 676 horum
817 644 1038 688 populorum
1065 656 1230 677 somnone
1256 656 1491 689 comparare,
1521 646 1576 679 vel
1603 648 1725 691 potius
1752 660 1815 680 ca-

117 722 197 743 rum
250 709 457 753 linguarum
498 709 600 741 initia
645 720 718 741 una
765 721 847 741 cum
886 709 947 742 illa
995 711 1212 754 coniungere
1254 711 1463 743 instituunt.
1526 712 1697 756 Plerique
1736 713 1813 746 aliis

111 775 238 808 studiis
280 774 531 817 delectantur,
572 775 646 808 sive
695 772 935 818 Antiquitatis
981 775 1208 819 Hebraicae,
1253 777 1327 810 sive
1362 776 1609 820 Philologiae,
1648 780 1744 821 sive,
1774 785 1816 811 ut

113 851 301 884 coccmns,
340 839 680 884 Lexieographices.
744 839 846 872 Haec
893 845 1012 873 tamen
1059 853 1183 874 rerum
1231 841 1339 874 facies
1383 847 1466 886 post
1510 843 1669 887 primum
1703 844 1814 876 seculi

114 907 311 951 superioris
353 907 567 938 decennium
616 906 802 938 immutari
844 911 972 950 coepta
1007 913 1074 941 est.
1127 907 1255 940 Prodit
1286 919 1437 952 magnus
1472 919 1654 942 ALnEst'rus
1680 920 1815 942 scnUL—

113 983 269 1006 TENSIUS.
331 972 402 1004 Hic
445 972 562 1004 studio
597 971 741 1016 linguae
778 971 980 1005 Hebraicae
1010 978 1045 1004 et
1089 970 1263 1005 Arabicae
1298 973 1434 1005 animos
1478 973 1623 1006 addidit.
1678 974 1809 1007 Plero—

114 1050 269 1082 rumque
315 1039 524 1072 inveteratis
562 1038 748 1071 erroribus
786 1038 1010 1083 profligatis,
1054 1038 1194 1083 primus
1232 1039 1324 1072 viam
1359 1039 1513 1073 munivit
1546 1040 1590 1071 ad
1619 1041 1808 1073 Semitica-

112 1117 194 1137 rum
235 1105 496 1147 dialectorum,
543 1105 759 1149 praesertim
811 1116 895 1138 vero
953 1103 1148 1146 Arabicae,
1185 1105 1490 1148 comparationem
1530 1111 1626 1137 recte
1661 1107 1811 1139 institu-

112 1170 262 1213 endam,
306 1181 457 1213 eamque
498 1170 733 1202 adhibendam
782 1182 863 1202 cum
905 1170 1154 1213 Etymologiac
1193 1169 1394 1202 Hebraicae
1430 1170 1692 1214 illustrandae,
1734 1178 1811 1205 tum

111 1236 216 1268 etiam
252 1235 374 1267 lexicis
421 1236 649 1267 emendandis
697 1241 733 1268 et
764 1235 866 1268 libris
903 1233 951 1268 V.
992 1234 1065 1276 T.,
1101 1235 1250 1278 eiusque
1289 1235 1374 1266 locis
1403 1235 1664 1268 difficilioribus
1696 1248 1810 1282 expc-

109 1301 259 1334 ‹liendis.
320 1300 491 1335 Graviter
535 1301 728 1333 dolendum
772 1306 852 1343 est,
900 1311 1102 1345 perpaucos
1134 1310 1288 1332 ALBERTI
1326 1310 1557 1333 scnULTENsH
1593 1302 1803 1347 Discipulos

113 1367 225 1411 ipsius
267 1367 425 1411 vestigiis
467 1367 652 1400 institisse.
717 1365 829 1400 Multi
873 1367 991 1409 enim,
1032 1366 1200 1410 Magistri
1248 1367 1396 1399 consilio
1452 1379 1497 1400 ne
1548 1369 1633 1401 satis
1665 1370 1805 1414 quiden}

112 1439 328 1477 perspecto,
370 1438 521 1466 externa
556 1433 701 1465 illarum
737 1433 973 1466 dialectorum
1011 1432 1128 1476 speeie
1172 1432 1337 1476 decepti,
1370 1443 1490 1477 neque
1522 1434 1558 1466 in
1598 1435 1806 1467 interiorem

113 1510 238 1531 earum
279 1504 447 1531 naturam
494 1504 756 1543 penetrantes,
787 1499 852 1531 hac
891 1499 1158 1542 comparatione
1198 1498 1398 1530 miserrime
1431 1498 1534 1531 abusi
1572 1505 1668 1532 sunt.
1736 1499 1807 1533 Alii

112 1570 231 1596 tamen
268 1565 446 1596 cautiores
478 1569 594 1596 erant.
657 1563 713 1596 Ad
747 1564 810 1596 hos
850 1564 1041 1596 referimus
1071 1575 1153 1595 cum
1182 1573 1412 1595 SCHULTl-:xsu
1447 1563 1580 1596 Filium
1609 1570 1644 1596 et
1680 1564 1806 1610 Nepo—

111 1634 182 1661 tem
201 1652 211 1670 ,
239 1640 395 1672 quorum
420 1628 509 1670 ille,
537 1628 762 1673 Linguarum
792 1628 838 1662 O.
869 1629 915 1662 O.
944 1628 1145 1662 eruditione
1171 1628 1274 1660 Patri
1298 1639 1371 1660 non
1400 1628 1550 1672 cedens,
1578 1629 1679 1662 nulla
1704 1629 1803 1673 fere,

110 1694 203 1738 proh
248 1693 369 1726 dolor!
423 1694 566 1738 Scripta
606 1694 779 1738 reliquit,
824 1693 883 1726 ln'c
929 1694 1073 1727 florenti
1119 1698 1235 1726 aetate
1267 1698 1384 1726 morte
1418 1693 1612 1740 abreptus,
1641 1695 1803 1729 Arabicis-

112 1759 254 1792 edendis
288 1760 477 1792 maximam
511 1765 653 1804 partem
684 1759 878 1802 inclaruit3
914 1765 993 1793 tum
1014 1760 1102 1793 alios
1126 1760 1232 1792 etiam
1249 1784 1258 1802 ‚
1283 1771 1441 1803 quorum
1466 1761 1540 1793 suis
1567 1762 1703 1806 quique
1721 1763 1804 1795 lau-

111 1825 214 1857 dibus
248 1830 333 1857 sunt
368 1825 609 1869 praedicandi.
661 1824 748 1858 Noti
773 1830 858 1858 sunt
875 1850 885 1868 ‚
909 1837 946 1860 v.
975 1838 1006 1859 c.
1032 1836 1225 1859 MANGERUS
1251 1830 1287 1858 et
1312 1836 1575 1859 renscnmmus
1594 1851 1603 1868 ‚
1642 1829 1719 1860 noti
1741 1839 1802 1860 SE—

112 1899 246 1921 BALDUS
282 1900 438 1931 mavum,
471 1890 734 1933 vehemensque
774 1890 905 1933 ardor,
945 1902 1015 1934 quo
1056 1890 1280 1933 disciplinam
1313 1895 1473 1922 nostram
1503 1891 1692 1935 amplexus
1719 1899 1799 1936 est,

110 1965 324 1987 EVEnAnsz
350 1965 559 1996 scnmnms,
586 1955 771 1987 notissima
808 1966 951 1998 quoque
979 1964 1125 1988 NrcoLn
1148 1964 1325 1987 cummim
1347 1964 1571 1989 SCHROEDERI
1602 1958 1639 1990 in
1664 1958 1800 1992 Gram-

110 2020 275 2052 maticam
303 2019 530 2063 Hebraeam,
561 2031 605 2053 ne
626 2020 695 2052 alia
714 2031 986 2053 commemorem
1002 2045 1011 2063 ,
1036 2020 1165 2052 merita
1185 2021 1350 2064 insignia.
1404 2022 1471 2055 Sed
1496 2023 1581 2066 quid
1600 2023 1709 2067 plura
1729 2036 1800 2058 no-

110 2082 216 2118 mina‘
244 2085 468 2118 excitemus?
526 2085 652 2128 Haec,
686 2097 779 2129 quae
817 2085 895 2118 aliis
932 2085 1037 2119 facile
1071 2086 1195 2130 augeri
1236 2093 1407 2131 possent,
1445 2088 1561 2121 Studii
1596 2089 1693 2123 illius
1733 2103 1798 2124 su—

111 2152 256 2196 periore
288 2151 408 2185 seculo
448 2152 486 2184 in
520 2151 645 2184 Patria
671 2157 794 2184 nostra
833 2152 1073 2184 conditionem
1102 2153 1296 2197 perspicue
1329 2155 1399 2186 iam
1441 2155 1670 2190 adumbrant.
1723 2157 1799 2190 Te-

114 2222 255 2250 stantur
295 2217 358 2250 illa
388 2216 488 2251 nobis
529 2228 602 2250 non
634 2216 774 2250 frustra
807 2218 937 2252 vixisse
975 2228 1170 2251 ALBERTUM
1205 2230 1486 2253 SCHULTENSIUM.
1549 2222 1607 2254 Ex
1631 2223 1798 2267 permul—

112 2282 158 2313 tis
173 2306 182 2323 ‚
210 2294 302 2326 quae
321 2289 405 2328 post
424 2294 528 2326 eum,
551 2288 594 2316 ut
615 2284 692 2328 ipse
716 2284 871 2328 ingenue
897 2283 1081 2317 consessus
1102 2289 1177 2327 est,
1199 2283 1417 2329 perficienda
1438 2293 1654 2331 supererant
1668 2312 1677 2330 ,
1701 2299 1797 2321 non-

113 2346 214 2379 nulla
250 2353 337 2381 tunc
384 2360 512 2384 revera
546 2349 731 2382 emendata
777 2355 875 2383 sunt.
940 2350 1022 2384 Non
1073 2353 1225 2385 maiores
1260 2365 1345 2387 vero
1374 2365 1416 2387 ea
1441 2360 1556 2388 aetate
1581 2354 1693 2388 factos
1720 2367 1796 2390 esse

112 2424 346 2465 progressuS‚
384 2414 479 2448 haud
527 2416 727 2457 miramur,
768 2416 987 2460 cogitantes,
1029 2429 1138 2461 quam
1173 2417 1270 2451 lento
1306 2420 1418 2463 gradu
1460 2419 1657 2464 procedant
1688 2422 1796 2456 disci—

1538 2483 1558 2503 c)

1538 2507 1558 2519 M
