2196 2950
338 192 383 225 74)
820 193 1188 228 ANNOT
1239 195 1270 229 A
1320 193 1517 228 ΤΙΟ.

338 304 486 342 llynastae
504 303 653 342 Algeriani
667 328 676 342 ,
693 303 842 336 Tunetani
855 329 864 344 ,
896 305 1130 346 Tripolitanique
1151 307 1188 338 ad
1214 307 1299 346 Reip.
1319 312 1436 337 nostrae
1459 305 1658 336 Moderatores
1677 304 1852 343 mitterent,
1878 313 2009 344 quaeque

337 363 365 391 in
397 361 473 391 Bibl.
508 361 609 400 Leid.,
644 362 744 394 addita
773 364 1036 404 interpretatione,
1069 372 1234 398 servantur.
1279 366 1403 397 Gomns
1437 365 1608 405 praesertim
1630 364 1764 395 Turcicis
1785 364 1907 402 aliisque
1924 365 2010 395 Asia-

336 420 398 451 ticis
430 421 534 460 linguis
568 421 702 453 eminuit.
746 426 882 455 Lexicon
910 424 957 455 hic
977 426 1191 465 conscripserat
1216 431 1380 457 Turcicnm
1403 431 1431 456 et
1452 428 1651 464 Malaicnm,
1676 425 1760 455 cuius
1780 424 1844 454 MS.
1864 423 2010 462 reperitur

336 479 466 510 Dubliui.
516 480 581 510 Non
611 486 727 512 tantum
751 493 819 514 vero
839 483 874 514 L.
897 485 951 523 ss.,
975 495 1076 515 verum
1101 486 1172 516 alibi
1194 496 1306 525 quoque
1328 486 1358 516 in
1381 485 1482 516 Patria
1505 489 1604 515 nostra
1624 484 1680 514 hae
1702 483 1805 514 literae
1827 482 2011 513 colebantur.

334 551 363 568 n.
392 551 558 570 numm-s
587 545 615 571 et
647 553 677 571 x.
707 554 738 573 ο.
764 553 982 574 scnaoannnus
1011 545 1040 574 in
1070 545 1217 583 Operibus
1237 545 1296 575 suis
1318 545 1381 575 eius
1401 545 1444 575 rei
1462 544 1622 583 specimina
1645 543 1801 573 dederunt.
1845 541 1951 580 Quod,
1976 547 2010 572 ut

334 598 369 628 de
389 608 581 629 sennonnnno
595 623 604 638 ‚
634 603 781 630 Persicas
810 601 926 632 Literas
944 612 1056 640 quoque
1077 603 1232 642 diligenter
1255 603 1392 641 colente,
1415 608 1538 641 apparet
1557 612 1591 633 ex
1614 604 1721 633 Catal.
1744 605 1855 632 Partis
1878 604 2008 631 alterius

332 660 416 688 Bibl.
443 659 525 697 eius,
553 658 719 698 Groningae
752 670 830 690 anno
870 664 947 698 1834
991 661 1156 692 divenditae
1190 661 1291 702 (conff.
1320 662 1356 692 de
1376 663 1529 700 utriusque
1551 663 1668 702 linguae
1689 662 1803 700 studio,
1825 661 1866 692 N.
1891 674 1928 702 9,
1954 672 2006 699 10,

336 722 388 757 15,
425 719 560 757 21-25)
575 743 583 756 ,
619 719 659 749 ila
692 719 782 750 etiam
813 729 847 753 ex
877 730 896 757 4
916 724 1072 762 prioribus
1090 734 1181 763 capp.
1202 724 1374 760 Geneseos,
1409 726 1536 752 Tur-eice
1557 730 1587 752 et
1610 725 1744 760 Latine,
1768 722 1846 760 Lips.
1872 726 1949 762 1743
1971 728 2008 758 4⁰

330 778 496 817 speciminis
533 779 628 810 instar
657 779 752 810 editis.
808 779 968 812 Consilium
1000 782 1079 812 enim
1110 782 1241 822 inierat,
1283 781 1358 821 quod
1387 786 1488 812 tamen
1516 781 1622 812 deiude
1658 781 1840 821 Groningam
1867 785 2004 819 vocatus,

331 838 450 869 missum
485 838 574 876 fecit,
608 839 737 869 omnium
761 839 916 871 Librorum
937 840 1095 871 Sacrorum
1119 845 1147 872 et
1169 841 1414 881 Apocryphorum
1438 841 1628 872 edendorum.
1673 840 1807 879 Quorum
1830 842 2010 879 versionem,

331 908 417 936 quam
449 898 589 929 debemus
621 911 688 928 Δις.
718 909 870 938 animvm,
907 912 1099 939 wmmnaus,
1131 902 1207 932 notis
1226 901 1424 940 instructam,
1445 912 1504 932 sec.
1533 907 1587 942 170
1608 901 1668 932 iam
1687 901 1774 932 edere
1795 901 2012 939 constituerat3

330 958 418 988 edidit
443 969 510 988 vero
532 963 635 996 postea
651 959 781 990 Societas
803 959 917 991 Biblica
938 961 1074 1000 Anglica.
1119 961 1184 992 vid.
1204 974 1335 993 wami-
1358 965 1465 992 Sclzets
1490 963 1509 992 l.
1527 962 1546 992 l.
1571 972 1600 1000 p.
1623 973 1691 1002 ¹92·

374 1018 408 1048 P.
432 1023 480 1050 δι.
504 1019 553 1049 tin.
581 1022 626 1049 18.
694 1022 728 1049 Si
751 1022 890 1050 omnihus
911 1023 1024 1051 harum
1051 1024 1233 1052 Literarum
1258 1026 1411 1053 Patroni».-
1433 1027 1491 1052 cet.
1543 1021 1825 1060 ttRuanex1us‚’'
1847 1022 1942 1061 inquit
1967 1021 2012 1053 Cl.

333 1090 412 1107 orm.
443 1080 578 1119 (Anfcd.
608 1081 787 1109 Hemsterlz.
818 1079 852 1109 L.
885 1080 920 1110 B.
955 1084 1032 1112 1825
1064 1081 1158 1120 praef.
1182 1093 1210 1120 p.
1232 1081 1273 1112 IX
1299 1087 1328 1113 ei
1348 1082 1413 1121 X),
1438 1082 1492 1113 nin
1516 1083 1628 1122 Elogio
1649 1081 1684 1111 de
1702 1081 1858 1120 multiplici
1877 1081 2012 1112 doctrina

326 1149 340 1169 ι)
354 1147 460 1177 agens,
494 1148 550 1176 qua
584 1150 844 1169 HEMSTERHUSICS
868 1139 922 1170 sibi
941 1140 1019 1170 viam
1041 1139 1078 1170 ad
1099 1145 1194 1172 artem
1218 1141 1352 1172 criticam
1376 1141 1569 1179 muniverat,
1595 1141 1748 1171 literarum
1769 1140 1806 1171 O.
1825 1140 1862 1172 Ο.
1885 1141 2011 1172 mentio-

327 1209 341 1228 n
355 1207 420 1228 nem
452 1198 565 1236 omisit,
594 1198 623 1228 in
655 1195 758 1237 quibus
789 1204 890 1230 tamen
913 1199 960 1230 hic
983 1200 1056 1231 adeo
1076 1211 1133 1231 non
1155 1202 1259 1240 hospes
1282 1201 1360 1240 fuit,
1384 1205 1416 1232 ut
1439 1201 1501 1232 eius
1520 1201 1688 1232 schedulae
1710 1201 1817 1232 multos
1838 1201 2011 1233 contineant

327 1257 544 1288 »Arabicorum
565 1258 746 1297 Scriptorum
764 1265 793 1290 et
811 1259 969 1290 Sacrorum
990 1260 1144 1291 Librorum
1162 1261 1257 1300 locos,
1289 1262 1337 1300 qui
1360 1262 1391 1292 in
1409 1267 1542 1300 tempore
1564 1266 1593 1292 et
1617 1270 1652 1291 ex
1670 1261 1764 1292 multa
1784 1261 1909 1291 lectione
1929 1271 2012 1292 com-

327 1318 497 1348 untentanti
530 1318 558 1348 in
593 1323 723 1349 mentem
753 1320 866 1350 venisse
896 1320 1070 1358 videantur,
1105 1326 1194 1360 atque
1227 1327 1289 1352 tum
1323 1322 1353 1352 in
1385 1321 1448 1360 his,
1485 1326 1548 1352 tum
1571 1321 1601 1352 in
1624 1320 1775 1360 Syriacis,
1798 1320 2005 1360 Armeniacis,

329 1388 342 1407 υ
355 1377 553 1417 Aethiopicis,
585 1379 689 1417 quibus
721 1378 756 1409 ad
787 1380 881 1410 multa
904 1380 1087 1419 antiquitatis
1110 1381 1208 1419 capita
1231 1381 1405 1420 explicanda
1428 1386 1456 1412 et
1480 1381 1623 1420 imprimis
1645 1381 1682 1411 ad
1703 1381 1812 1421 glossas
1835 1380 1935 1411 Isidori
1958 1381 2006 1411 in-

326 1438 555 1476 »terpretandas
583 1450 651 1470 usus
677 1444 741 1478 est,
764 1440 929 1478 scripturae
956 1440 1078 1471 firmitas
1110 1446 1139 1471 et
1168 1441 1315 1480 elegantia
1343 1451 1464 1472 manum
1496 1441 1620 1480 prodat,
1650 1441 1713 1472 istis
1733 1441 1887 1471 literarum
1909 1440 2010 1471 formis

325 1499 502 1530 »exarandis
524 1502 702 1530 assuetam.'’
727 1519 760 1524 —
782 1499 863 1530 Haec
890 1500 1054 1531 Literarum
1076 1501 1112 1531 O.
1132 1501 1169 1531 O.
1190 1501 1295 1540 peritia
1317 1506 1447 1540 quanta,
1474 1510 1621 1540 quamque
1643 1501 1817 1539 multiplex,
1851 1500 2010 1539 Doctisque

325 1560 355 1590 it
389 1559 489 1591 Patria
522 1560 596 1591 Viris
618 1565 798 1599 quantopere
822 1565 892 1591 nota
922 1560 1011 1591 suerit
1038 1571 1072 1591 ex
1092 1560 1168 1592 Albo
1192 1562 1399 1600 cognovimus,
1434 1561 1463 1591 iu
1486 1560 1566 1591 Bibl.
1587 1560 1712 1599 Franeq.
1734 1565 1850 1591 servato
1873 1565 1902 1591 et
1925 1571 1942 1590 a
1965 1560 2010 1591 Cl.

329 1632 369 1649 ΒΕ
404 1632 506 1651 anNE
538 1622 819 1659 (Bffzonderlteden
848 1624 884 1650 cle
907 1623 1036 1657 familie
1059 1633 1121 1651 ναη
1143 1623 1361 1651 IIemsterhuis
1381 1622 1566 1661 belreff'ende
1583 1644 1592 1659 ,
1618 1621 1700 1651 Leid.
1724 1624 1798 1662 1827
1819 1621 1874 1661 80)
1897 1619 1934 1651 ad
1958 1631 2012 1660 pu-

327 1678 434 1708 blicam
464 1678 595 1708 notitiam
618 1679 742 1717 perlato.
786 1679 833 1709 Ex
855 1679 1026 1710 testimoniis
1049 1679 1182 1710 Virorum
1202 1679 1268 1717 CL,
1289 1689 1365 1718 quae
1387 1680 1466 1710 Albo
1488 1680 1538 1710 illo
1558 1680 1766 1718 continentur,
1789 1680 1924 1710 videmus
1942 1689 2009 1711 eum

328 1742 478 1776 praeterea
500 1741 626 1767 Persice
657 1742 685 1767 et
709 1737 783 1768 sorte
804 1740 944 1768 Malaia-e
967 1738 1054 1768 fuisse
1074 1737 1192 1768 doctum
1216 1738 1300 1779 (ibid.
1323 1749 1351 1776 p.
1374 1741 1411 1770 36
1433 1739 1539 1777 seqq.).
1582 1738 1614 1769 In
1636 1739 1759 1778 Scriptis
1784 1740 1846 1770 eius
1868 1739 2008 1769 iuvenili-

325 1799 378 1828 hus
406 1798 486 1828 illius
508 1797 578 1827 Litt.
598 1797 638 1827 O.
658 1798 694 1827 O.
716 1797 837 1836 peritiae
858 1797 965 1827 indicia
986 1797 1198 1836 quodammodo
1219 1799 1336 1837 quidem
1359 1800 1515 1837 conspicua
1529 1823 1538 1838 ,
1571 1804 1704 1830 attamen
1725 1810 1792 1830 rara
1813 1805 1901 1837 sunt,
1925 1804 1956 1830 ut
1979 1801 2008 1830 iu

326 1860 518 1888 Λιιίιηαιῐνν.
540 1859 585 1887 ad
606 1860 746 1887 Pollucis
769 1860 1007 1895 Onomasticon,
1032 1858 1143 1888 rariora
1167 1858 1273 1888 deinde
1297 1858 1325 1888 ln
1349 1861 1576 1899 Aristophanis
1598 1862 1716 1898 Pluto,
1736 1870 1770 1890 ac
1792 1860 1875 1889 nulla
1895 1859 1957 1890 sere
1979 1860 2009 1890 ln

324 1918 446 1956 Scriptis
479 1917 607 1955 reliquis.
665 1917 750 1946 Hanc
785 1917 862 1946 enim
885 1916 1074 1947 eruditionem
1099 1916 1310 1955 dissimulans,
1342 1917 1372 1947 in
1396 1916 1529 1948 Graecae
1553 1918 1736 1957 antiquitatis
1758 1929 1887 1949 recessus
1909 1923 2008 1960 postea

326 1980 365 2008 ita
387 1978 573 2018 penetravit,
598 1982 627 2007 ut
658 1977 772 2007 Litcras
793 1977 831 2007 Ο.
852 1977 890 2007 Ο.
912 1987 1015 2018 parum
1037 1981 1175 2014 curaret,
1206 1986 1241 2007 ac
1265 1976 1387 2007 tandem
1411 1977 1439 2007 in
1464 1982 1546 2008 arcto
1569 1977 1752 2009 Graecarum
1779 1984 1808 2009 et
1833 1979 2008 2009 Latinarum

326 2039 435 2068 ambitu
458 2038 637 2069 subsisteret.
681 2037 765 2075 Quae
787 2048 876 2068 causa
900 2037 976 2076 suit,
997 2042 1027 2068 ut
1048 2038 1116 2067 illae
1138 2049 1376 2067 nnusrznnustr
1401 2037 1502 2068 laudes
1525 2038 1666 2079 paulatim
1690 2039 1719 2069 in
1743 2039 1919 2069 oblivionem
1945 2038 2007 2068 abi-

325 2103 411 2136 rent,
434 2102 461 2127 ct
485 2097 522 2127 ab
545 2097 613 2134 ipsis
634 2096 838 2134 Nostratibus,
862 2106 899 2126 ne
921 2096 990 2127 data
1012 2096 1129 2135 quidem
1151 2096 1303 2127 occasione
1317 2121 1325 2135 ,
1349 2103 1652 2128 commemorarentur
1673 2100 1718 2140 (p·
1739 2102 1775 2130 51
1802 2099 1886 2137 seq).
1927 2097 2001 2128 Pro-

326 2157 454 2187 bandum
487 2157 584 2194 itaque
615 2166 791 2196 magnopere
824 2155 868 2186 (ΣΙ,
903 2168 1015 2186 utI-:LII
1053 2156 1205 2187 consilium
1239 2156 1346 2197 (praef.
1379 2169 1407 2198 p.
1430 2157 1549 2188 XXVII
1571 2158 1642 2197 seq.)
1702 2159 1945 2190 Hmtsrnnnusn
1972 2159 2007 2189 dc

326 2217 359 2247 1..
382 2216 416 2247 L.
437 2216 474 2246 O.
495 2216 530 2245 O.
552 2215 835 2245 animadversionum
867 2215 895 2245 in
928 2216 1022 2245 altero
1056 2218 1179 2246 Aneed.
1210 2219 1390 2247 Hemsterlz.
1422 2222 1501 2248 tomo
1523 2218 1724 2249 edendarum:
1748 2223 1776 2249 et
1799 2219 1951 2249 consilium
1971 2219 2008 2250 il·

325 2277 373 2308 lud
397 2282 428 2307 ut
451 2277 501 2307 Vir
524 2275 569 2306 (ΣΙ.
591 2279 752 2314 exequatur
776 2275 953 2313 aliquando,
977 2274 1141 2316 optandum
1165 2275 1373 2307 vehementer.

370 2338 404 2367 P.
427 2342 475 2369 32.
499 2337 550 2367 lin.
572 2338 600 2367 6.
624 2344 657 2365 ut
681 2348 748 2365 cum
778 2345 969 2365 nun-vnum
993 2338 1117 2375 loquar.
1162 2335 1256 2365 Locus
1280 2341 1373 2367 exstat
1397 2337 1427 2367 in
1451 2337 1615 2368 Comment.
1638 2337 1674 2367 ad
1697 2338 1852 2369 Timaeum
1877 2338 1937 2379 (ed.
1966 2350 1997 2376 ι,

327 2411 354 2438 p.
376 2412 409 2438 77
425 2423 433 2437 ‚
470 2398 515 2428 ed.
538 2409 575 2435 2,
613 2408 640 2438 p.
668 2396 756 2436 106),
790 2401 817 2426 et
854 2396 990 2426 laudatur
1011 2395 1047 2426 ab
1072 2406 1203 2425 uman-
1229 2395 1257 2425 in
1283 2399 1381 2427 ζει-ιι.
1407 2401 1557 2429 ΡΙιὶΙοςιν.
1582 2397 1616 2429 L.
1640 2397 1674 2428 13.
1703 2401 1800 2438 1816,
1823 2398 1917 2440 praef.
1942 2398 2001 2437 IV,

329 2468 361 2487 ex
385 2468 440 2495 qua
465 2469 498 2488 ea
514 2483 521 2496 ,
546 2467 622 2496 quae
645 2457 673 2487 h.
699 2457 718 2486 l.
742 2455 817 2494 dixi,
846 2456 1004 2486 maximam
1025 2460 1140 2495 partem
1164 2455 1298 2494 cognovi.
