2196 2950
388 168 436 205 42
861 166 908 200 T.
972 165 1020 199 G.
1081 163 1110 197 Ι.
1171 158 1605 196 IUYNBOLL

393 286 439 316 tio
475 283 616 316 videtur
653 278 838 312 institisse.
891 277 1058 311 Alterum
1090 275 1338 309 exhibiturum
1368 274 1499 308 fuisset
1531 271 1807 307 Grammaticas
1843 273 1887 306 de
1910 273 2072 318 linguis,

390 360 482 393 quae
506 347 678 379 dicuntur
693 368 703 386 ,
730 341 1083 377 Indo-Germanicis
1115 341 1390 375 Observationes
1403 354 1420 382 ;
1445 339 1766 383 Comparationem
1791 338 1976 372 Radicum
1998 339 2074 373 lin-

388 425 484 454 guae
516 409 761 443 Sanscriticae
790 420 874 441 cum
907 408 1063 453 reliquis
1094 407 1262 441 dialectis
1288 406 1458 439 alterum.
1509 405 1601 438 Eius
1629 409 1750 437 autem
1778 405 1816 437 in
1843 404 1906 437 has
1932 403 2076 437 Literas

390 478 518 509 ardore
561 477 597 508 in
645 476 720 508 dies
757 479 996 518 augescente,
1035 473 1136 505 cuius
1172 483 1218 504 ne
1259 472 1406 516 publica
1449 472 1594 516 quidem
1630 471 1761 504 indicia
1795 470 1951 513 desunt,
1989 469 2078 503 nul-

392 543 464 574 lum
507 546 562 574 est
609 539 785 581 dubium,
823 539 939 582 quin,
976 538 1164 582 promissis
1195 542 1390 582 postquam
1426 542 1598 580 steterat,
1637 537 1747 582 plura
1779 535 1973 580 aliquando
2011 535 2078 567 ad-

389 607 547 640 didisset.
612 604 692 637 Hoc
730 605 823 636 enim
864 608 1021 635 testatur
1053 603 1202 646 insignis
1234 608 1461 646 apparatus,
1501 614 1610 647 quem
1645 614 1714 648 per
1749 603 1897 647 longum
1931 608 2077 646 tempus

394 673 459 704 iam
499 674 749 714 congesserat,
778 668 917 700 eximiis
951 666 1275 701 observationibus
1309 667 1482 701 refertus.

439 799 538 833 I-Iaec
577 811 664 833 vero
705 798 829 844 Opera
860 797 1054 842 quominus
1084 796 1312 840 absolveret,
1358 809 1456 830 mors
1493 798 1692 842 impedivit.
1752 798 1836 842 Sic,
1874 797 1942 831 ΑΛ
1975 797 2077 831 Deus

392 867 507 900 voluit
540 866 586 898 O.
624 864 678 898 M.
732 864 961 898 ploravimus
997 864 1076 896 iure
1114 868 1151 896 et
1185 863 1326 896 acerbe.
1378 862 1512 896 Virum
1546 864 1639 896 enim
1674 863 1916 896 desideramus
1938 863 2080 896 incom-

393 932 614 977 parabilem,
656 931 824 975 passique
859 941 984 962 sumus
1020 929 1198 962 iacturam
1231 940 1340 973 quam
1376 930 1634 973 gravissimam.
1687 928 1757 961 Sed
1790 928 1958 973 lacrymis
1993 929 2081 961 iun-

391 1009 516 1042 gamus
561 997 740 1039 animum,
790 994 928 1028 summa
968 995 1039 1028 Dei
1070 994 1214 1028 Numen
1245 996 1479 1028 veneratione
1515 1000 1795 1040 prosequentem
1814 1019 1824 1037 ,
1861 1005 2079 1039 magnasque

395 1063 461 1104 Ei,
510 1068 652 1095 tantum
701 1061 802 1094 nobis
841 1061 1062 1105 aliquamdiu
1104 1060 1239 1094 Virum
1284 1060 1440 1106 largito,
1493 1061 1626 1105 gratias
1669 1066 1833 1104 agentem
1883 1064 2078 1105 perpetuo.

392 1128 481 1161 Eius
515 1127 611 1159 enim
639 1127 812 1159 memoria
846 1127 962 1169 vivit,
995 1131 1106 1170 atque
1137 1127 1236 1160 vivet
1272 1126 1310 1158 in
1342 1132 1542 1159 aeternum.
1595 1125 1696 1158 Haec
1736 1124 1839 1158 nobis
1863 1125 1901 1158 in
1925 1130 2081 1159 mentem

391 1198 560 1234 revocet,
610 1203 702 1236 quae
741 1191 893 1235 fecerit,
935 1203 1028 1236 quae
1066 1192 1222 1234 dixerit,
1258 1203 1352 1235 quae
1387 1192 1583 1224 monuerit.
1643 1190 1745 1224 Haec
1775 1201 1841 1224 nos
1876 1190 2002 1224 incitet
2037 1191 2082 1222 ad

392 1259 553 1291 nondum
590 1257 755 1291 absoluta
790 1257 1034 1303 perficienda,
1067 1259 1111 1291 ad
1152 1259 1214 1292 vix
1249 1258 1395 1302 incepta
1426 1256 1669 1299 absolvenda,
1704 1256 1747 1289 ad
1774 1256 1911 1289 intacta
1942 1255 2081 1289 hucus—

392 1336 463 1368 que
500 1323 724 1366 inchoanda,
753 1323 927 1356 tentanda
965 1323 1104 1356 saltem.
1155 1322 1262 1356 Talia
1299 1327 1342 1355 ut
1372 1322 1623 1366 aggrediamur
1660 1323 1855 1364 continuo,
1889 1326 1969 1354 tum
2007 1319 2081 1354 Pa-

392 1390 486 1432 tria,
534 1395 613 1422 tum
657 1389 828 1423 universa
865 1394 900 1422 et
939 1387 1149 1421 Literarum
1181 1400 1222 1421 ae
1263 1387 1577 1431 Disciplinarum,
1609 1392 1645 1420 et
1684 1386 1933 1420 Humanitatis
1972 1397 2083 1419 causa

392 1467 456 1488 suo
498 1456 578 1488 iure
627 1455 804 1499 flagitant.
870 1455 1015 1498 Quibus
1053 1455 1239 1487 conatibus
1271 1454 1525 1498 promovendis
1563 1453 1773 1497 quicunque
1804 1453 1982 1487 inservire
2012 1452 2083 1497 ipsi

390 1526 601 1565 nequeunt,
647 1520 683 1552 hi
720 1519 864 1554 faveant
902 1519 1051 1562 iisdem,
1094 1519 1294 1563 validisque
1333 1519 1487 1552 stimulis
1524 1519 1612 1551 alios
1649 1519 1833 1561 excitent,
1868 1523 1905 1550 et
1938 1516 2083 1551 auxiliis

392 1587 530 1619 iuvent.
586 1585 746 1627 Omnes,
782 1585 879 1628 quod
903 1585 1066 1629 possint,
1099 1583 1254 1628 faciant,
1293 1596 1365 1629 quo
1402 1583 1555 1617 celerius
1594 1583 1773 1616 humanae
1800 1583 2012 1628 cognitionis
2038 1580 2084 1615 fi-

393 1662 456 1683 nes
485 1648 722 1694 proferantur
755 1649 924 1682 ulterius.

442 1715 484 1747 In
532 1714 645 1747 Vobis
688 1719 835 1757 autem,
886 1713 1041 1748 Iuvenes
1088 1714 1338 1748 Ornatissimi!
1374 1716 1412 1747 in
1453 1714 1566 1747 Vobis
1597 1715 1837 1759 praesertim,
1875 1714 1940 1758 qui
1969 1713 2084 1747 Vete-

395 1792 474 1813 rum
519 1785 555 1813 et
603 1779 845 1813 Orientalium
887 1779 1022 1812 Literis
1068 1791 1216 1825 operam
1259 1781 1426 1824 navatis,
1470 1779 1686 1824 Vestrisque
1723 1779 1934 1823 Sodalibus,
1982 1779 2082 1813 Aca-

394 1846 591 1878 demiarum
626 1845 852 1889 aliorumque
890 1844 1161 1878 Athenaeorum
1191 1846 1364 1889 Civibus,
1412 1847 1449 1878 in
1482 1845 1596 1879 Vobis
1632 1846 1822 1888 omnibus,
1860 1857 1934 1878 non
1965 1846 2086 1879 minus

396 1922 502 1954 quam
546 1911 583 1943 in
626 1909 747 1953 Viris,
788 1911 914 1944 aetatis
958 1910 1048 1944 flore
1088 1912 1316 1956 vigentibus,
1362 1911 1487 1945 Patria
1513 1923 1615 1944 suam
1651 1923 1752 1957 spem
1787 1912 1922 1956 posuit.
1984 1911 2086 1945 Haec

399 1977 427 2009 si
469 1976 610 2019 quando
649 1977 788 2020 magnis
826 1975 987 2009 cladibus
1023 1975 1204 2020 afficitur,
1245 1997 1295 2003 —
1324 1989 1414 2022 quas
1451 1978 1590 2022 quoties
1622 1978 1719 2010 hisce
1754 1978 1858 2011 annis
1880 1977 2009 2010 subiit!
2038 1996 2089 2004 --

399 2041 442 2074 ab
478 2042 521 2074 iis
554 2042 692 2086 pariter
719 2047 828 2085 atque
860 2053 881 2074 a
914 2040 1028 2075 Vobis
1066 2043 1129 2075 has
1165 2043 1384 2076 calamitates
1421 2049 1633 2089 reparatum
1663 2044 1708 2076 iri
1741 2044 1871 2076 merito
1903 2047 2085 2088 expectat.

397 2105 525 2139 Sancto
573 2107 680 2139 hocce
724 2106 838 2139 officio
890 2119 961 2151 quo
994 2108 1196 2152 religiosius
1230 2108 1454 2154 fungamur,
1497 2109 1718 2154 Magnorum
1754 2108 1931 2142 Virorum
1962 2119 2086 2141 exem-

400 2172 500 2217 plum
542 2178 578 2205 et
624 2173 760 2205 monita
801 2173 904 2206 nobis
949 2174 995 2207 ob
1025 2175 1148 2207 oculos
1186 2186 1364 2220 ponamus
1402 2181 1596 2220 perpetuo.
1651 2175 1707 2208 Ita
1737 2185 1918 2220 quaenam
1950 2172 2088 2218 agenda

401 2239 494 2282 sint,
533 2243 568 2271 et
608 2239 784 2283 quomodo
818 2239 980 2283 singula,
1019 2240 1276 2285 intelligimus;
1309 2241 1359 2273 ita
1386 2241 1478 2285 quid
1514 2241 1630 2284 effici,
1667 2241 1754 2285 quid
1781 2251 1877 2273 unus
1899 2244 2087 2284 praestare

403 2304 538 2347 possit,
575 2304 749 2337 videmus.
802 2303 842 2336 In
868 2305 932 2337 hos
960 2305 1070 2339 Viros
1104 2319 1186 2340 cum
1220 2305 1435 2349 intuemini,
1473 2318 1545 2339 non
1578 2307 1704 2339 ultimo
1738 2305 1836 2348 loco,
1871 2305 1978 2338 sicuti
2000 2303 2087 2337 nul-

404 2368 457 2401 lus
491 2368 639 2413 dubito,
682 2375 803 2403 mente
840 2369 952 2403 Vobis
999 2371 1252 2407 obversabitur
1293 2382 1524 2407 HAMAKERUS.
1587 2372 1697 2406 Hunc
1747 2383 1890 2417 semper
1935 2371 2085 2414 colatis,

405 2435 508 2468 huius
540 2437 746 2482 exemplum
779 2437 992 2481 imitemini,
1027 2438 1135 2483 huic,
1171 2444 1348 2484 quantum
1380 2437 1456 2472 fieri
1486 2440 1621 2484 possit,
1647 2439 1778 2473 similes
1803 2438 2012 2472 reddamini.
2039 2454 2087 2462 —·
