2196 2950
938 134 1009 170 ἓξὲξ
1804 138 1826 171 5

127 258 195 291 que
215 272 224 290 ,
266 253 306 280 ut
344 248 436 291 fieri
475 259 546 280 11011
569 253 720 292 posset,
765 247 854 292 quin
893 248 1104 280 eorumdem
1137 246 1295 290 efficacia
1326 248 1363 280 in
1400 260 1443 281 ea
1475 248 1588 282 etiam
1631 250 1757 282 studia
1787 263 1823 282 se

132 318 313 346 exsereret
332 339 343 357 ,
395 324 488 358 quae
541 324 565 345 a
615 312 750 345 studiis
786 313 864 345 eius
907 318 1015 345 erant
1061 312 1193 345 aliena.
1282 314 1463 346 Veterum
1511 314 1662 358 Scripta
1712 327 1824 359 quam

129 378 273 421 egregie
331 377 673 426 interpretabatur!
745 377 802 410 Eo
849 378 1071 422 interprete,
1129 389 1276 420 eorum,
1334 389 1417 410 cum
1458 379 1691 423 Poetarum,
1743 386 1821 413 tum

130 443 407 477 Ilistoricorum
450 449 486 476 et
529 443 841 488 Philosophorum
881 455 1005 476 amore
1052 443 1204 488 quisquc
1246 442 1472 486 capiebatur.
1554 444 1652 483 Quos
1696 458 1816 478 omnes

134 518 214 540 cum
254 509 500 551 grammatice
541 509 766 552 explicaret,
803 519 956 553 cumque
988 510 1031 541 de
1076 507 1248 541 Gentium
1289 510 1419 541 veteris
1450 508 1528 541 aevi
1544 533 1553 551 ,
1588 508 1818 543 Graecormn

127 575 283 609 maxime
324 579 358 607 et
400 574 674 617 Romanorum,
718 574 874 607 historia
907 575 1144 619 pragmatice
1188 580 1223 606 et
1260 574 1479 618 philosophe
1496 600 1506 617 ,
1563 575 1821 609 incusatis-sinze

126 647 160 674 et
193 652 336 674 summa
373 651 455 672 cum
491 640 676 683 voluptate
710 639 907 673 dissereret
924 665 933 682 ,
985 652 1087 673 nemo
1117 652 1203 672 sane
1243 646 1350 682 erat,
1386 641 1418 672 si
1446 641 1550 673 modo
1579 640 1663 673 bene
1696 647 1819 674 atten-

127 709 227 740 deret
244 732 254 750 ,
302 707 389 752 quin
440 705 718 739 Grammaticen
762 711 796 738 et
844 706 1058 739 IIistoriam
1099 712 1215 738 mente
1264 706 1456 750 animoque
1490 711 1587 738 totus
1620 707 1820 750 amplecte—

125 780 251 816 retur,
293 773 440 817 eiusque
478 772 720 805 institutionis
761 772 833 805 vim
867 772 1072 805 salutarem
1101 771 1140 804 in
1177 772 1310 804 studiis
1346 771 1525 804 universis
1559 772 1686 803 deinde
1723 784 1833 815 per--

118 846 229 884 petuo
270 839 592 872 animadverteret.

177 905 229 938 Ut
251 905 295 936 cle
321 905 502 937 Veterum
517 928 526 946 ,
552 903 607 935 ita
624 915 763 948 quoque
788 905 832 937 cle
852 904 1111 936 Recentiorum
1134 902 1293 944 Scriptis
1310 926 1319 943 ,
1341 907 1375 933 et
1395 902 1439 934 de
1466 901 1572 934 rebus
1593 901 1666 933 siue
1690 913 1816 933 recen—

123 970 210 1003 tiori
243 969 441 1011 memoria,
475 968 548 1002 sive
581 974 708 1001 nostra
735 973 855 1001 aelate
879 969 996 1012 gestis
1023 979 1065 1001 ac
1102 967 1343 1011 probabiliter
1371 967 1520 1012 suturis
1557 966 1657 1011 loqui
1683 966 1817 998 solebat

122 1035 264 1068 erudite
279 1060 288 1078 ,
316 1034 521 1076 subtiliter,
543 1035 750 1078 prudenter
771 1039 806 1066 et
833 1035 1029 1067 moderate.
1082 1032 1228 1078 Neque,
1253 1032 1427 1065 Doctoris
1452 1031 1648 1064 umbratici
1672 1033 1791 1064 instar
1806 1058 1814 1073 ‚

124 1101 249 1134 studiis
276 1100 361 1132 solis
382 1105 463 1132 erat
489 1101 634 1132 deditus
651 1125 660 1142 ,
688 1105 799 1144 atque
824 1112 882 1133 res
899 1101 994 1134 vitae
1016 1098 1237 1141 communis,
1262 1099 1307 1131 iis
1324 1098 1570 1142 postpositas,
1592 1097 1811 1141 negligebat.

118 1166 160 1198 Si
193 1165 274 1210 quis
303 1165 419 1207 enim,
454 1165 545 1209 quid
567 1165 603 1197 in
628 1164 686 1197 llis
711 1165 779 1197 sibi
803 1167 988 1210 agendum
1014 1171 1103 1198 esset
1122 1191 1131 1207 ,
1159 1177 1242 1197 eum
1269 1164 1494 1206 consuleret,
1519 1176 1662 1207 semper
1689 1176 1814 1207 para—

118 1236 198 1263 tum
219 1241 302 1262 eum
325 1229 538 1263 inveniebat.
580 1230 749 1263 Acutum
770 1231 808 1263 in
831 1231 888 1264 his
913 1232 1024 1264 etiam
1048 1232 1126 1263 eius
1149 1236 1231 1263 erat
1251 1230 1454 1270 iuclicium,·
1474 1230 1676 1271 sententia,
1703 1241 1813 1273 quam

110 1297 259 1340 ferret,
295 1295 379 1328 bene
413 1306 569 1338 expensa
583 1309 599 1337 ,·
635 1297 850 1340 consilium,
897 1298 996 1342 quod
1026 1297 1192 1329 traderet
1208 1320 1218 1338 ,
1251 1295 1475 1339 experientia
1507 1306 1588 1327 mox
1619 1293 1812 1338 probabat.

118 1360 200 1394 Non
236 1361 374 1393 mirum
414 1361 559 1404 igitur,
587 1372 698 1406 quam
719 1362 910 1406 plurimos
942 1362 1036 1395 hanc
1068 1361 1109 1394 ob
1143 1372 1293 1393 causam
1316 1372 1400 1393 eum
1424 1360 1580 1402 adiisse,
1622 1372 1686 1392 nec
1703 1372 1813 1393 unam

118 1427 223 1459 modo
250 1426 489 1470 Societatem,
526 1428 620 1460 socio
655 1440 695 1460 eo
728 1434 851 1462 creato
868 1454 877 1471 ,
919 1428 1031 1460 huius
1050 1427 1308 1470 perspicaciae
1343 1431 1453 1470 atque
1481 1425 1652 1470 indefessi
1679 1425 1815 1458 laboris

112 1493 269 1536 fructus
304 1492 509 1536 percepisse
548 1491 764 1525 uberrimos.
843 1492 1012 1533 Quorum
1054 1492 1182 1525 oblivio
1236 1490 1338 1524 Cives
1379 1491 1564 1536 JIaganos
1611 1503 1812 1536 numquam

117 1557 236 1601 capiet
245 1571 261 1598 ,-
305 1562 346 1589 at
382 1557 528 1590 minime
567 1558 678 1590 etiam
709 1570 767 1591 eos
801 1559 902 1591 illius
944 1558 1183 1602 Discipulos,
1219 1556 1284 1602 qui
1328 1556 1437 1589 talem
1477 1568 1520 1588 ac
1551 1561 1695 1589 tantum
1728 1568 1812 1589 eum

115 1633 256 1655 mecum
289 1623 431 1667 experti
481 1628 587 1665 sunt,
635 1634 679 1655 ac
726 1624 839 1657 vitam
883 1625 1043 1669 (legunt,
1087 1623 1192 1656 cuius
1234 1634 1331 1666 pars
1377 1633 1539 1666 magna,
1576 1627 1617 1654 ut
1648 1622 1814 1667 equidem

117 1688 254 1730 sentio,
306 1688 367 1720 ille
405 1688 489 1733 ficit
526 1693 560 1720 et
608 1700 682 1721 esse
720 1701 921 1734 numquam
964 1689 1114 1722 desinet.
1177 1687 1261 1721 Non
1303 1687 1418 1720 alium
1461 1687 1517 1720 illi
1554 1699 1693 1720 mecum
1729 1687 1814 1720 Do—

120 1760 255 1787 ctorem
309 1755 473 1799 vitaeque
519 1754 664 1787 Ducem
703 1754 772 1788 sibi
816 1760 1057 1800 exoptassent.
1115 1754 1234 1796 Veri,
1260 1753 1418 1798 pulchri
1449 1759 1484 1785 et
1518 1752 1658 1786 honesti
1688 1765 1814 1786 sensus

119 1821 156 1854 in
202 1822 335 1854 animis
386 1822 521 1854 nostris
571 1822 745 1855 excitatos
782 1823 836 1854 ita
870 1821 1012 1864 alebat,
1042 1820 1220 1854 iudicium
1252 1820 1305 1852 ita
1332 1818 1509 1861 acuebat,
1545 1824 1700 1851 mentem
1728 1820 1812 1852 ani—

117 1898 287 1932 mumque
326 1888 508 1920 Veterum
545 1899 668 1920 amore
706 1892 815 1932 atque
851 1888 928 1920 suis
950 1887 1163 1931 praeceptis
1195 1887 1249 1918 ita
1279 1885 1486 1927 imbuebat,
1531 1891 1572 1917 ut
1597 1897 1700 1918 nemo
1729 1897 1808 1919 me·-

117 1952 188 1985 lior
234 1953 296 1985 illo
345 1958 474 1985 auctor
517 1953 709 1995 existeret,
749 1958 818 1996 ut,
862 1963 1096 1997 quaecunque
1140 1952 1291 1996 quisque
1329 1951 1366 1984 in
1391 1956 1586 1995 posterum
1621 1952 1807 1996 agitaret,

116 2017 204 2051 haec
248 2018 333 2052 bene
379 2018 452 2062 ipsi
497 2019 677 2051 cederent.
746 2019 890 2051 Verum
908 2043 918 2061 ,
961 2018 1045 2050 licet
1084 2029 1140 2050 me
1177 2018 1235 2051 vix
1272 2017 1496 2060 contineam,
1536 2018 1728 2062 quominus
1765 2019 1809 2051 cle

116 2089 358 2127 argumento,
404 2083 495 2116 mihi
547 2084 637 2116 adeo
688 2084 837 2126 dilecto,
885 2089 921 2116 et
969 2095 1052 2116 cum
1098 2092 1324 2116 HAMAKERI
1368 2083 1618 2116 recordatione
1657 2084 1809 2116 coniun—

117 2149 277 2182 ctissimo
325 2149 398 2194 (l),
441 2149 556 2193 plura
591 2149 733 2192 dicam,
785 2148 944 2194 mihique
979 2153 1184 2193 temperare
1212 2159 1281 2180 non
1305 2148 1496 2192 potuerim
1533 2149 1571 2182 in
1607 2149 1684 2191 his,
1723 2150 1808 2194 qui-

163 2289 210 2328 (1)
235 2288 476 2320 Dissertationem
507 2297 605 2319 meam
633 2290 671 2317 de
702 2291 820 2317 Amoso
853 2286 907 2326 (L.
930 2285 964 2316 B.
994 2289 1068 2316 1828
1093 2285 1158 2324 410)
1182 2285 1258 2316 edidi
1280 2296 1348 2318 curn
1372 2286 1514 2326 epistola,
1552 2287 1587 2318 ad
1611 2287 1687 2318 hanc
1712 2287 1805 2327 Magi-

117 2353 211 2380 sirum
233 2359 331 2381 meum
353 2349 439 2381 missa
453 2373 463 2389 ,
486 2349 515 2380 in
538 2347 630 2388 eaque
652 2347 687 2379 de
711 2359 891 2378 nnmxuzno
918 2346 1018 2379 multis
1040 2347 1154 2378 locutus
1176 2358 1250 2378 sum.
