2196 2950
372 168 416 200 22
846 167 891 199 T,
954 168 1001 199 G.
1064 168 1090 199 Ι.
1158 167 1591 201 IUYNBOLL

373 281 546 313 bliothera
589 280 841 323 Lugdunensis
873 279 1054 322 abundat,
1092 281 1200 314 huius
1223 282 1431 326 disciplinae
1456 281 1692 315 illustrandae
1719 280 1910 326 subsidiis,
1943 296 2054 328 prae-

372 348 476 391 cipue
519 358 603 379 vero
638 345 823 388 Arabicis,
852 347 975 379 sedulo
997 348 1270 392 prudenterque
1297 359 1386 380 usus
1415 353 1480 380 est.
1533 347 1612 380 Hos
1637 348 1730 380 enim
1758 348 1994 393 Geographos
2019 352 2055 382 in

372 412 478 444 rebus
510 412 705 456 praecipue
741 414 982 446 controversis
1017 425 1088 445 non
1120 414 1223 458 prius
1254 414 1453 458 sequendos
1494 425 1570 446 csse
1607 413 1787 456 ducebat,
1821 426 1928 458 quam
1953 415 2056 447 multi

368 479 461 509 inter
497 489 534 510 se
570 479 768 522 comparati
804 485 935 511 essent.
989 480 1097 522 Quod
1128 491 1199 524 quo
1233 480 1375 512 acutius
1404 479 1565 522 faceret,
1593 479 1689 512 illam
1709 479 1863 513 sontium
1885 480 2057 525 explora-

368 544 500 576 tionem
542 549 652 587 atque
685 547 812 589 κρίσιν,
854 556 961 588 quam
1005 545 1182 589 diximus,
1222 550 1402 589 perpetuo
1429 545 1687 577 instituendam
1713 557 1791 578 esse
1817 546 2054 579 existimabat.

366 610 401 641 Si
423 609 586 653 exempla
610 609 726 642 velitis
744 634 753 651 ,
768 608 812 641 A.
831 611 837 641 !
861 609 1016 653 quibus,
1035 621 1127 653 quae
1152 611 1317 655 proximo
1341 610 1418 642 loco
1443 616 1478 643 et
1500 616 1606 643 antea
1628 611 1700 643 dixi
1719 611 1964 655 ,probentur,
1992 610 2058 644 Li-

367 675 449 706 bros
479 674 523 706 ab
560 686 616 715 eo>
638 675 749 706 editos
775 675 878 706 modo
903 675 1095 718 inspicite3
1122 695 1169 699 --
1193 675 1279 708 talia
1302 676 1337 708 hi
1364 675 1500 719 ubique
1521 676 1697 721 praebent
1713 701 1722 719 ,
1754 682 1789 709 et
1816 689 1882 721 per
1907 689 1947 709 ea
1975 677 2059 721 pla-

366 752 409 772 ne
444 739 543 773 vobis
580 740 649 772 crit
678 751 915 784 persuasum,
953 739 1162 773 Literarum
1195 741 1449 775 Arabicarum
1491 743 1676 785 studium,
1710 743 1740 774 si
1779 743 1902 776 Patria
1934 749 2059 776 nostra

366 810 575 849 spectetur,
618 806 770 850 optimas
811 806 882 850 ipsi
932 805 1061 838 debere
1108 807 1397 850 emendationes3
1430 807 1655 852 disciplinam
1688 819 1800 851 ver0,
1829 809 1858 841 si
1894 809 1986 842 lianc
2020 810 2055 842 111

369 872 577 905 universum
612 872 869 914 consideratis,
907 883 1034 916 magna
1065 873 1299 906 incrementa.

412 1003 666 1046 HAMAKERUS,
695 1004 832 1036 etiamsi
864 1010 1053 1049 praeterea
1088 1004 1177 1037 nihil
1205 1003 1302 1037 aliud
1328 1004 1497 1048 fecisset,
1524 1004 1670 1037 consilio
1687 1029 1697 1047 ,
1736 1016 1807 1048 quo
1834 1003 2054 1049 Lugdunum

364 1074 511 1102 vocatus
559 1075 658 1112 erat,
708 1071 842 1114 optime
889 1082 1016 1104 revera
1058 1071 1299 1104 satisfecisset.
1360 1069 1410 1104 At
1445 1070 1500 1103 his
1537 1071 1766 1114 acquiescere
1803 1081 1874 1103 non
1916 1072 2049 1116 potuit.

364 1133 515 1166 Arabica
549 1135 642 1166 enim
679 1147 750 1167 non
783 1141 924 1168 tantum
957 1141 1032 1169 toto
1070 1137 1188 1169 animo
1229 1136 1419 1180 amplexus
1458 1141 1536 1179 est,
1569 1136 1630 1168 sed
1662 1136 1821 1180 reliquas
1848 1136 1979 1178 etiam,
2013 1142 2055 1169 ut

362 1200 431 1230 iam
480 1200 654 1243 vidimus,
698 1201 879 1234 dialecto&
943 1202 986 1235 In
1031 1203 1085 1236 his
1132 1214 1242 1247 quam
1293 1203 1447 1236 maxime
1479 1202 1727 1237 Hebraicam.
1794 1202 1835 1234 In
1870 1213 1942 1246 qua
1972 1203 2058 1246 quid

364 1276 495 1308 operae
526 1265 777 1309 collocaverit,
812 1268 902 1300 lianc
938 1268 984 1301 ob
1018 1280 1161 1301 causam
1194 1268 1354 1300 nondum
1390 1269 1650 1311 indicavimus,
1686 1274 1748 1312 ut,
1780 1280 1872 1313 quae
1909 1269 1952 1300 de
1987 1268 2053 1301 hoc

362 1338 573 1375 argumento
609 1333 756 1366 dicenda
792 1334 886 1376 sint,
918 1333 976 1367 hic
1015 1335 1363 1380 complecteremur,
1399 1335 1504 1379 digna
1528 1334 1692 1380 profecto
1712 1360 1722 1378 ,
1750 1346 1842 1379 quae
1864 1333 1907 1366 ab
1932 1334 2051 1366 omni-

364 1395 431 1428 bus
481 1404 755 1441 cognoscantur.
808 1400 1086 1444 Cognoscuntur
1124 1401 1210 1433 haec
1243 1401 1319 1433 eius
1351 1401 1480 1433 merita
1515 1412 1559 1434 ex
1595 1399 1774 1445 Scriptis:
1814 1412 1941 1434 verum
1974 1402 2050 1433 eius

360 1461 558 1506 Discipulis
590 1464 734 1496 aliunde
777 1465 862 1497 item
898 1467 1253 1510 consummatiusquc
1284 1477 1325 1498 ea
1363 1465 1503 1498 efficere
1541 1466 1644 1499 licuit
1683 1477 1727 1500 ex
1766 1467 1909 1511 privata
1944 1467 2051 1498 insti-

361 1529 524 1570 tutione,
553 1534 588 1560 et
626 1529 762 1562 Scholis
794 1529 1026 1564 Academicis.
1062 1551 1111 1556 —-
1149 1533 1254 1574 Quae
1291 1531 1428 1576 publici
1458 1532 1548 1564 iuris
1581 1533 1658 1576 ipse
1691 1531 1802 1574 fecit,
1823 1543 1941 1576 opera
1965 1531 2049 1564 ubi-

365 1605 434 1635 que
478 1592 608 1626 Virum
654 1595 723 1626 iam
766 1601 973 1639 testantur,
1017 1597 1185 1630 Hebraea
1217 1602 1417 1639 amantem,
1455 1609 1580 1630 eorum
1619 1597 1827 1641 dignitatem
1858 1602 2046 1640 tuentem,

360 1670 423 1689 suo
472 1659 588 1702 pretio
628 1659 713 1691 haec
762 1661 1034 1704 aestimantem,
1081 1668 1190 1706 atque
1229 1674 1272 1695 ex
1310 1664 1376 1705 iis,
1425 1663 1507 1696 data
1551 1664 1654 1696 modo
1694 1664 1908 1706 occasione,
1947 1665 2046 1697 varia

359 1724 518 1756 omnium
557 1725 769 1757 Semitarum
803 1733 1035 1760 monumenta
1066 1729 1326 1773 cxplicantem3
1365 1740 1457 1772 quae
1495 1729 1673 1773 denique,
1710 1729 1753 1761 ad
1779 1729 1942 1761 codicem
1967 1728 2047 1761 He—

361 1788 507 1820 braeum
555 1790 808 1823 illustrandum
846 1791 1006 1835 faciant,
1056 1793 1126 1825 huc
1169 1795 1311 1827 naviter
1353 1795 1585 1839 studioseque
1636 1796 1754 1828 omnia
1787 1795 2043 1828 conferentem.

359 1853 438 1885 Hoc
473 1855 619 1887 consilio
656 1868 732 1888 sese
763 1856 857 1889 dedit
890 1859 1007 1890 studio
1044 1858 1186 1903 linguae
1223 1859 1436 1893 Phoeniciae
1455 1886 1464 1903 ,
1493 1862 1596 1893 cuius
1622 1861 1823 1905 scripturae
1851 1860 2047 1905 specimina

359 1921 540 1962 quantivis
588 1923 695 1966 pretii
744 1935 820 1955 esse
866 1924 1044 1957 iudicabat
1077 1926 1121 1957 ad
1152 1928 1258 1971 κρίσιν
1284 1925 1331 1958 V.
1371 1925 1418 1958 T.
1453 1927 1587 1959 rectius
1619 1926 1899 1968 instituendam,
1936 1926 2045 1958 Codj—

359 1997 513 2029 enmque
543 1988 630 2020 vitia
660 1994 694 2020 et
730 1988 900 2022 lectiones
935 1990 1140 2023 versionum
1170 1991 1298 2023 melius
1334 1991 1588 2036 expediendas.
1654 1991 1848 2034 Evolvite,
1885 2001 2042 2034 quaeso,

359 2050 597 2084 :Uiscellmwa
629 2053 850 2097 Phoenicia,
889 2055 1039 2099 eiusque
1071 2056 1415 2089 Commentationem
1440 2057 1477 2089 in
1507 2056 1695 2090 Libellum
1718 2057 1762 2089 cle
1788 2057 1864 2090 vila
1884 2061 1918 2088 et
1943 2067 2044 2088 mor·-

363 2123 394 2147 le
435 2116 732 2160 Prophetarum!
765 2139 812 2143 —-
837 2119 978 2153 Verum
1016 2122 1221 2165 dignissima
1247 2129 1352 2166 sunt,
1396 2135 1488 2168 quae
1525 2123 1703 2168 sigillatim
1742 2121 2040 2167 perpendantur,

360 2195 463 2225 eum,
492 2195 583 2226 quae
613 2183 877 2228 Inletprclalio
913 2192 949 2219 ct
982 2186 1122 2220 Critica
1146 2187 1193 2220 V.
1225 2188 1270 2220 T.
1290 2213 1300 2230 ,
1327 2194 1403 2220 tum
1439 2190 1545 2222 etiam
1570 2200 1662 2233 quae
1688 2187 1925 2232 Geograplzicz
1958 2185 2041 2219 Pa-

358 2249 530 2281 laos-tinae
582 2255 616 2282 et
666 2250 839 2283 Ilisloria
890 2253 1071 2285 Veterum
1119 2253 1378 2286 IIebraeormn
1429 2265 1630 2287 uAMAKERo
1673 2258 1820 2297 accepta
1869 2251 2037 2285 referant.

362 2316 478 2355 Quam
514 2315 721 2348 brevissime
758 2316 843 2348 haec
875 2320 1102 2351 enarremus!

411 2379 659 2421 thirannum,
696 2394 764 2413 non
798 2382 900 2414 facile
937 2384 1090 2416 aliorum
1125 2385 1457 2429 interpretationem
1476 2410 1485 2427 ,
1517 2385 1585 2417 nisi
1617 2384 1702 2417 haec
1739 2383 1783 2416 ab
1810 2384 1906 2416 omni
1932 2388 2037 2427 parte

360 2446 423 2488 ipsi
462 2446 614 2490 probata
654 2448 857 2483 viden-tur.
901 2450 1096 2493 recipiens,
1136 2462 1175 2482 ac
1212 2462 1340 2483 novam
1374 2451 1494 2495 potius
1533 2460 1682 2494 eamque
1711 2449 1895 2483 meliorem
1927 2458 2036 2481 exco-
