2196 2950
282 173 328 207 66
770 167 1474 205 ANNOTATIO.

329 285 365 316 P.
390 289 438 317 23.
463 285 514 315 lin.
542 295 586 314 10·
608 293 624 313 a
646 282 668 313 s·
690 285 745 313 lzoc
766 285 1038 313 demonstraturus
1069 304 1108 310 -
1141 286 1314 323 antiquius,
1365 281 1431 314 Vid.
1464 283 1577 312 Comm.
1603 283 1636 309 in.
1663 281 1716 309 lib.
1742 280 1778 308 de
1810 281 1877 308 vita
1908 282 1966 308 cet.

289 345 343 375 l.l.
360 355 389 383 p.
415 347 483 383 167.
529 343 621 372 Huius
646 343 675 372 in
700 353 850 373 ominum
875 342 1086 372 Commentarii
1114 352 1172 372 non
1194 341 1247 372 nisi
1275 344 1424 378 Schema,
1456 345 1488 370 ut
1506 340 1608 377 aiunt,
1634 350 1762 369 anun.
1779 337 1907 376 reliquit.

331 403 365 432 P.
391 406 440 433 23.
458 402 508 431 lin.
530 414 559 442 9.
581 411 598 432 a
617 401 639 432 f.
685 403 835 431 Ieremias
858 410 888 432 et
909 404 1078 432 Habacuci
1102 404 1252 431 vaticinia
1275 417 1316 422 —
1338 412 1397 430 non
1418 403 1531 441 potuit.
1562 399 1697 429 HAMAK.
1716 396 1966 427 Commentariun!

289 461 405 499 reliquit
432 461 461 490 in
482 461 699 499 flabat-neum,
736 461 946 499 annotatione,
968 470 1002 490 ex
1021 461 1098 491 curis
1120 460 1256 491 secundis
1277 464 1340 490 orta
1355 484 1364 498 ‚
1389 458 1570 498 marginique
1596 457 1760 495 adscrIpta‚
1783 457 1972 486 instructum.

289 519 538 550 Commentarium
571 520 649 550 enim
679 519 811 549 nondum
849 520 1053 550 elaboraverat
1084 520 1201 549 iterum.
1245 518 1364 548 Partem
1390 522 1506 548 tantum
1530 520 1821 557 Prolegomenorum
1841 514 1970 545 conscri-

289 580 358 609 bere
380 579 542 617 inceperat.
595 579 662 610 vid.
682 582 848 609 Commeat.
869 579 948 609 laud.
970 589 1001 617 p.
1022 582 1077 609 188
1093 603 1100 616 ,
1124 579 1153 608 in
1174 589 1231 616 qua
1254 588 1285 616 p.
1300 582 1317 609 5
1337 582 1365 608 et
1390 589 1422 617 ¹7
1436 602 1444 616 ,
1467 578 1528 608 eius
1548 577 1637 607 etiam
1658 575 1866 606 Commentarii
1886 584 1970 606 men—

290 639 329 669 tio
362 637 404 668 fit.
448 639 503 668 Hic
535 648 604 668 vero
631 643 660 669 et
695 639 771 669 alter
798 638 846 668 ille
880 639 910 668 in
945 643 984 670 50
1017 639 1113 676 priora
1141 640 1290 668 Ieremiae
1324 637 1424 677 capita
1453 637 1709 675 Commentarius,
1735 635 1796 666 sore
1827 640 1859 666 ut
1880 634 1970 666 edan·

290 704 357 736 tur,
384 708 546 736 speramus.

333 758 368 788 P.
391 767 439 794 24.
461 758 513 788 lin.
536 761 584 788 13.
631 759 666 788 In
700 762 772 798 ipsa
802 770 831 788 ν.
863 771 889 788 c.
913 759 1095 788 Germania.
1140 757 1333 787 Germaniam
1362 756 1448 788 modo
1467 766 1682 795 commemoro,
1702 758 1770 795 quia
1792 756 1866 787 haec
1887 765 1973 794 prae-

291 818 377 856 cipua
412 817 497 848 huius
527 817 620 847 Studii
652 822 695 848 est
725 817 818 848 sedes.
864 817 962 855 Quam
987 817 1114 855 turpiter
1133 816 1205 847 illud
1226 816 1292 847 aliis
1313 816 1343 846 in
1367 816 1566 855 Regionibus,
1591 815 1661 854 quin
1682 816 1712 846 in
1734 815 1843 854 Angtia
1862 815 1970 854 etiam,

292 878 347 908 hoc
378 883 510 916 tempore
542 877 727 917 negligatur,
769 889 894 908 nuniz.
925 877 1056 907 breviter
1086 876 1249 908 declaravit
1280 877 1310 907 in
1339 879 1425 907 Bibl.
1459 879 1539 907 Cric.
1562 879 1644 907 Νον.
1664 875 1726 914 111,
1760 886 1788 915 p.
1812 879 1872 907 312
1897 885 1976 915 seqq.

295 937 447 975 Quomodo
469 942 569 968 autem
598 937 707 967 Critica
744 937 781 968 V.
799 937 835 967 T.
861 936 1040 968 instituenda
1063 937 1119 976 sit,
1143 947 1177 967 ac
1197 946 1301 968 revera
1323 937 1360 967 ab
1382 949 1560 968 unumne
1581 936 1691 968 institui
1715 936 1841 975 soleret,
1862 936 1976 976 egregie

294 997 483 1027 adumbravit
513 997 557 1027 (ΣΙ.
588 1008 722 1027 werras.
744 997 772 1026 in
805 997 890 1027 Orat.
921 997 955 1027 L.
983 996 1018 1027 Β.
1047 1007 1125 1027 anno
1151 1000 1229 1029 1833
1256 997 1359 1028 habita
1380 1000 1418 1027 de
1440 1000 1622 1027 Literarum
1648 999 1865 1026 Semiticarum
1883 999 1978 1027 discr:-

296 1060 385 1096 plina
408 1065 474 1087 tota
496 1065 525 1088 et
544 1059 718 1098 prudenter
740 1071 778 1087 ac
797 1070 865 1087 cum
881 1061 980 1088 animi
1006 1059 1116 1088 ardore
1140 1060 1287 1097 colenda,
1303 1069 1331 1097 p.
1351 1067 1477 1095 14—20.
1490 1058 1537 1098 (in
1549 1060 1635 1088 Ann.
1649 1060 1738 1087 L.B.
1753 1058 1977 1096 1833-1834).

338 1118 372 1147 P.
392 1118 511 1148 25.lin.
535 1122 564 1148 5.
618 1120 731 1159 Itaque
763 1129 940 1148 nummum
977 1135 1018 1140 -
1058 1121 1257 1158 Scriptiones.
1301 1131 1329 1148 c.
1360 1131 1390 1148 A.
1425 1130 1583 1148 cnrnxrnt
1617 1117 1749 1148 libellum
1780 1117 1911 1156 intelligo
1943 1117 1978 1147 de

298 1181 415 1219 Proplz.
445 1181 528 1209 Min.
563 1181 652 1208 Vers-
687 1181 757 1218 ὁζγν.
793 1181 895 1209 indole
922 1178 1006 1209 Gon.
1032 1182 1106 1219 1827
1132 1181 1184 1215 803
1218 1189 1365 1208 nmzflmr
1387 1178 1464 1210 Diss.
1483 1179 1513 1209 in
1532 1182 1624 1208 Pent.
1650 1180 1736 1218 Syn,
1762 1189 1799 1207 ex
1820 1180 1978 1216 versione,

299 1251 394 1279 qaam
425 1241 569 1269 Pesclzito
602 1246 712 1268 vocant
740 1242 786 1268 80.
818 1241 917 1275 (Bthl.
953 1241 1031 1270 Crit.
1058 1242 1140 1270 Nou.
1172 1238 1231 1276 III,
1261 1249 1290 1277 p.
1319 1244 1378 1270 312
1400 1240 1498 1277 seqq.)
1533 1243 1562 1269 et
1584 1249 1777 1276 nonmemu,
1803 1239 1839 1267 de
1862 1240 1980 1277 origine

297 1306 326 1328 et
349 1300 451 1328 indole
474 1299 635 1329 Arabicae
660 1300 810 1328 librorum
834 1301 873 1328 V.
902 1301 936 1328 T.
957 1301 1172 1328 historicorum
1191 1302 1458 1339 interpretationis
1473 1323 1481 1337 ,
1504 1299 1573 1329 Hal.
1596 1302 1673 1338 1829
1695 1304 1742 1333 40.

340 1358 376 1390 P.
399 1358 591 1394 25.lin.14.
635 1360 759 1388 Iustum
787 1376 825 1382 —
854 1366 1092 1398 perspexerunt.
1145 1358 1178 1388 In
1210 1359 1311 1397 primis
1344 1358 1398 1389 hoc
1429 1359 1526 1390 elucet
1557 1369 1592 1389 ex
1628 1357 1852 1388 Commentariis
1882 1361 1982 1396 postea

301 1417 431 1449 edendis.
474 1417 569 1448 Conff.
596 1418 683 1448 etiam
713 1418 768 1448 loci
801 1418 909 1455 passim
937 1417 1014 1448 obvii
1037 1417 1067 1448 in
1089 1420 1256 1449 Comment.
1277 1422 1310 1448 in
1334 1421 1387 1449 lib.
1407 1420 1444 1448 de
1470 1421 1535 1449 Vit.
1553 1422 1612 1449 cet.
1633 1429 1661 1449 v.
1683 1428 1710 1448 c.
1734 1428 1761 1456 p.
1783 1421 1820 1448 25
1844 1427 1904 1455 seq.
1948 1415 1981 1447 In

300 1477 377 1508 hanc
409 1478 544 1509 criticam
575 1477 665 1508 Codd.
696 1478 782 1508 LXX
819 1478 960 1508 versionis
998 1477 1226 1516 disquisitionem
1259 1477 1366 1508 ibidem
1400 1478 1525 1516 incidit,
1550 1478 1617 1516 quia
1650 1477 1749 1509 variae
1778 1477 1866 1515 libri,
1896 1486 1983 1515 quem

303 1538 449 1577 explicat,
484 1539 668 1570 recensiones
689 1548 724 1568 ex
745 1537 835 1568 Codd.
858 1538 944 1569 huius
965 1537 1104 1569 versionis
1121 1543 1277 1577 corruptae
1296 1543 1391 1569 erant.

349 1597 382 1626 P.
406 1601 456 1629 25.
480 1597 531 1627 lin.
557 1609 603 1637 17.
663 1600 764 1636 Quam
798 1598 883 1627 docte
907 1613 945 1621 ·-
971 1601 1128 1638 agitavit!
1170 1597 1235 1628 Vid.
1260 1601 1425 1629 Commeat.
1447 1599 1527 1629 laud.
1551 1609 1578 1637 p.
1606 1601 1716 1631 15—21
1733 1622 1742 1636 ,
1766 1608 1800 1628 ex
1821 1608 1877 1636 qua
1900 1607 1985 1637 argu-

304 1656 485 1687 mentatione
517 1656 669 1694 sequitur,
704 1667 915 1687 flauam-:lunt
945 1658 1103 1696 statuisse,
1150 1661 1302 1698 Tetrapla
1324 1658 1406 1696 Opus
1429 1668 1489 1688 esse
1514 1661 1671 1698 IIexaplis
1694 1662 1865 1695 recentius,
1891 1670 1986 1698 neque

308 1719 345 1747 ab
381 1730 414 1747 eo
449 1729 634 1757 magnopere
664 1719 840 1755 diversum,
876 1715 989 1746 duabus
1019 1716 1104 1746 modo
1127 1716 1289 1754 columnis,
1314 1727 1389 1755 quac
1411 1717 1559 1755 geminum
1582 1717 1713 1747 ordinem
1736 1717 1915 1747 Hebraicum
1939 1727 1987 1747 ex-

304 1777 466 1815 hibebant,
508 1776 538 1806 in
569 1776 619 1806 illo
640 1775 768 1814 omissis,
793 1786 826 1806 ac
852 1775 952 1814 paucis
975 1776 1003 1806 in
1027 1786 1103 1806 nova
1126 1775 1176 1805 itta
1200 1776 1372 1806 recensione
1395 1776 1579 1806 immutatis:
1604 1786 1660 1814 quo
1682 1776 1821 1814 probato,
1845 1775 1988 1814 Tetrapla

307 1839 528 1877 Hexaplorum
549 1838 762 1876 compendium
786 1835 945 1872 exhibent,
970 1835 1000 1865 in
1023 1844 1209 1865 communem
1232 1834 1381 1866 Ecclesiae
1403 1846 1487 1866 usum
1502 1858 1511 1873 ,
1534 1840 1565 1865 ut
1588 1835 1723 1873 videtur,
1749 1839 1896 1872 paratum.

349 1897 385 1927 P·
409 1900 456 1927 25.
479 1896 530 1926 lin.
556 1899 603 1926 18.
660 1898 764 1934 Quam
800 1904 946 1926 accurate
972 1911 1004 1916 --
1030 1898 1195 1936 exposuit!
1241 1894 1326 1924 Conf.
1349 1897 1514 1925 Commeat.
1538 1894 1617 1925 laud.
1640 1905 1668 1933 p.
1691 1904 1730 1932 4,
1761 1897 1795 1925 16
1818 1904 1916 1933 seqq„
1941 1894 1990 1924 ubi

307 1956 464 1994 docemur,
497 1955 632 1986 Codicem
665 1955 750 1985 illum
783 1965 842 1985 non
878 1959 1049 1986 accuratam
1082 1957 1302 1995 IIexaplorum
1333 1954 1445 1985 referre
1479 1954 1660 1994 imaginem,
1695 1964 1762 1985 cum
1797 1954 1845 1984 alii
1870 1953 1935 1984 libri
1958 1963 1993 1983 ex

310 2015 471 2054 Hexaplis‚
494 2015 542 2045 alii
565 2025 599 2045 ex
621 2015 770 2054 Tetraplis
792 2015 848 2046 sint
871 2016 997 2046 desumti
1021 2016 1068 2055 (p.
1095 2016 1160 2056 19).

353 2075 389 2106 P.
412 2079 460 2106 25.
483 2075 535 2105 lin.
560 2087 606 2115 ¹9·
664 2078 745 2114 Quin
783 2077 904 2106 uberius
938 2095 975 2101 -
1002 2079 1165 2116 potuisset.
1221 2075 1285 2114 Ipse
1318 2075 1372 2106 hoc
1406 2074 1519 2106 fatetur
1551 2085 1746 2106 mamutius
1779 2075 1798 2105 l.
1828 2075 1847 2104 l.
1879 2084 1907 2112 p.
1934 2085 1991 2114 17,

314 2145 362 2165 20.
395 2149 433 2155 —
465 2133 574 2164 lterum
604 2134 626 2165 si
661 2134 690 2164 in
725 2134 845 2165 Italiam
869 2135 1067 2167 excucurisset
1098 2146 1312 2174 mammenus,
1336 2135 1399 2166 sine
1422 2134 1509 2165 dubio
1531 2135 1619 2166 etiam
1645 2134 1780 2165 Codicem
1802 2133 1994 2171 Chisianum,

311 2193 360 2232 qui
388 2192 516 2223 eiusdem
549 2192 611 2223 fere
642 2198 684 2223 est
719 2194 918 2233 recensionis,
966 2197 1054 2233 atque
1085 2194 1183 2224 Codex
1211 2194 1492 2234 Syro-Hexaplaris
1525 2196 1573 2234 (p.
1597 2195 1676 2234 20),
1708 2193 1841 2224 conferre
1873 2197 1995 2223 conatus

313 2251 424 2283 suisset.
445 2271 483 2278 -
507 2251 679 2283 Gaudemus
701 2253 819 2283 interim
844 2253 982 2285 Codicem
1004 2254 1083 2284 hunc
1107 2253 1335 2284 Ambrosianum
1358 2254 1450 2293 magis
1473 2254 1651 2292 innotuisse,
1683 2253 1760 2283 edito
1783 2252 1880 2290 Opere
1903 2263 1997 2282 unm.

319 2324 602 2351 >monumentum
643 2311 723 2342 Pros.
758 2313 953 2353 VVratislav.,
997 2314 1044 2344 cui
1078 2313 1181 2344 titulus
1218 2317 1282 2343 cst:
1342 2315 1444 2343 Codex
1478 2315 1797 2354 Syro-HexaplariS.
1824 2313 1916 2341 Liber
1949 2318 1997 2347 4¹¹⁵

319 2374 457 2413 Regum,
488 2386 502 2403 e
530 2375 604 2403 Cod.
634 2376 766 2410 Ρανὼυ·
800 2375 903 2405 [esai.
938 2385 973 2405 12
1006 2377 1125 2415 Propl..
1146 2376 1227 2404 Min.
1255 2377 1348 2405 I'rov.
1377 2376 1440 2404 Iob.
1471 2377 1562 2405 Cant.
1596 2376 1731 2412 Threni,
1754 2375 1862 2412 Eoo-L,
1888 2385 1904 2402 e
1927 2374 1999 2402 Cod.
