2196 2950
349 185 393 219 lisi
822 185 869 216 Τ.
931 184 978 217 G.
1039 183 1068 216 I.
1135 180 1567 217 IUYNBOLL

349 301 467 333 omnia
494 298 694 344 prudenter
730 296 961 340 moderante,
996 297 1034 330 in
1067 296 1190 330 multis
1222 295 1439 342 amplificata
1473 300 1541 328 est.
1592 293 1690 337 Quid
1730 292 1774 326 de
1812 292 1937 326 Horto
1973 293 2030 327 di-

349 377 449 406 cam,
492 363 717 407 egregiarum
751 362 961 408 plantarum
992 363 1120 407 copia,
1165 363 1312 408 auspice
1345 363 1399 395 Cl.
1433 371 1630 403 MULDssRO,
1673 359 1855 393 uberrime
1886 359 2030 392 instru-

350 435 424 471 cto,
467 427 739 472 Hortulanique
773 427 958 460 alacritate
1003 427 1186 472 eleganter
1235 439 1378 473 semper
1425 426 1627 460 adornato?
1689 425 1784 468 Sed,
1834 424 1889 458 his
1935 424 2032 457 indi—

348 495 459 536 catis,
509 493 600 526 illud
643 493 782 526 referre
820 492 945 535 lubet,
983 493 1079 537 quod
1110 492 1288 526 neminem
1326 492 1510 534 omnium,
1547 492 1610 535 qui
1638 490 1710 524 huc
1748 489 1920 532 veniant,
1953 488 2036 522 Ho-

346 561 506 605 spitum,
548 571 605 593 me
642 560 759 593 iudice
776 584 786 602 ,
826 560 939 592 latere
975 564 1132 603 oportet.
1193 559 1302 591 Caret
1335 558 1450 590 adhuc
1484 555 1712 590 Athenaeum
1746 554 1879 589 Museo
1907 554 2035 599 puhli-

346 638 408 669 σο,
446 625 490 659 ad
528 625 726 658 Historiam
761 623 974 657 Naturalem
1012 624 1207 656 docendam
1232 622 1510 656 acconunodato.
1564 622 1674 665 Quod
1701 632 1810 665 quam
1836 621 2037 653 necessari-—

348 703 406 725 um
442 693 488 724 sit
537 691 697 723 adilane
732 689 972 734 Disciplinam
1012 690 1081 722 rite
1121 701 1162 722 ac
1199 689 1302 722 facile
1332 687 1606 733 explicandam,
1651 687 1806 731 quisque
1846 686 2033 731 perspicit.

347 756 421 789 Nec
472 762 591 789 tamen
641 756 719 788 eius
756 755 931 788 desiderio
965 766 1183 799 magnopere
1218 753 1446 795 tenebimur,
1479 752 1651 796 quamdiu
1686 762 1881 785 MULDERUS
1912 756 2036 784 noster

347 821 603 867 Franeqzcerae
648 832 713 854 suo
756 821 874 853 utitur
912 825 1107 865 apparatu.
1172 819 1240 853 Est
1284 819 1369 862 hic,
1414 823 1457 851 ut
1503 817 1611 850 multi
1661 816 1837 850 Vestrum
1874 822 2035 859 norunt,

346 887 553 931 splendidus
586 898 627 919 ac
653 897 737 919 sane
767 884 989 930 magnificus.
1041 885 1214 919 Museum
1249 890 1330 928 est,
1356 884 1427 918 A.!
1460 883 1629 917 laudibus
1661 883 1749 916 meis
1789 882 1893 926 longe
1923 893 2036 926 supc-

347 952 435 985 rius.
488 951 680 985 Conditum
706 963 728 984 a
752 951 862 984 Patre
888 951 970 995 CL,
998 962 1020 984 a
1048 951 1141 984 Filio
1179 951 1348 996 deinceps
1390 954 1583 994 tantopere
1619 954 1768 982 auctum
1807 953 1887 990 est,
1930 953 1972 980 ut
1998 947 2036 980 in

347 1017 493 1050 aedibus
530 1017 712 1062 publicis,
750 1028 844 1061 quae
880 1018 949 1062 ipsi
987 1016 1199 1050 habitandae
1231 1017 1508 1059 conceduntur,
1538 1015 1696 1060 spatium
1729 1014 1774 1048 ad
1805 1013 1946 1058 singula
1970 1012 2035 1056 ea,

346 1094 418 1127 qua
456 1094 524 1127 par
562 1088 638 1126 est,
692 1083 833 1115 ratione
883 1082 1105 1128 disponenda
1147 1094 1220 1116 non
1252 1082 1410 1127 amplius
1442 1080 1638 1115 sufficeret.
1701 1079 1844 1113 Verum
1881 1079 1949 1112 hoc
1979 1079 2038 1111 in-

345 1149 569 1181 commodum
618 1159 716 1181 nunc
761 1148 987 1181 deminutum
1034 1153 1101 1181 est.
1163 1148 1394 1181 Continuatis
1440 1147 1570 1180 ibidem
1607 1144 1749 1179 duobus
1782 1143 2035 1187 conclavibus,

346 1215 446 1247 locus
480 1219 632 1259 paratus
666 1219 721 1246 est
748 1214 916 1258 amplus,
955 1214 1000 1246 ad
1036 1214 1098 1246 has
1124 1213 1265 1248 divitias
1290 1212 1521 1258 exponendas
1548 1210 1663 1244 multo
1685 1210 1805 1255 aptior
1827 1234 1838 1254 ‚
1862 1214 1899 1243 et
1918 1209 2036 1254 digni-

345 1292 410 1322 or,
439 1280 501 1324 qui
540 1280 603 1313 has
636 1280 929 1325 comprehendat.
981 1281 1101 1323 Quam
1137 1279 1182 1312 ob
1215 1290 1319 1322 rem,
1358 1284 1401 1312 ut
1437 1277 1576 1321 Vobis,
1609 1277 1806 1310 Curatores
1841 1274 2038 1321 Amplissi-

347 1347 415 1379 mi!
451 1357 520 1391 pro
561 1345 704 1380 Vestris
739 1346 804 1379 hac
843 1346 880 1379 in
925 1357 965 1378 re
1011 1345 1258 1390 promovenda
1300 1343 1444 1377 auxiliis
1481 1343 1615 1388 gratias
1649 1342 1810 1387 agimuS,
1843 1342 1895 1374 ita
1927 1340 2036 1384 Tibi,

348 1411 570 1445 Amicissime
601 1413 800 1446 mULDERE!
838 1412 934 1445 hunc
970 1418 1139 1446 votorum
1175 1416 1345 1445 eventum
1382 1410 1633 1455 gratulamur,
1677 1414 1891 1454 sperantes,
1928 1407 2036 1451 fore,

347 1483 388 1511 ut
419 1478 570 1512 huiusce
604 1478 751 1522 Musei,
784 1479 882 1523 quod
915 1489 1018 1511 nemo
1052 1489 1125 1511 non
1158 1476 1408 1511 lubentissime
1443 1476 1590 1519 invisit,
1626 1475 1741 1508 Periti
1768 1479 1890 1508 autem
1922 1473 2039 1508 admi-

347 1550 477 1577 rantur
493 1569 503 1587 ,
531 1545 641 1589 magis
684 1545 869 1589 magisque
902 1549 1080 1588 augeatur
1113 1544 1349 1589 praestantia.
1402 1541 1557 1575 Secundi
1581 1540 1667 1574 Tibi
1690 1540 1762 1573 sint
1784 1551 1908 1573 omnes
1930 1540 1968 1574 in
1994 1551 2038 1573 eo

348 1609 601 1653 locupletando
653 1615 830 1652 conatus,
881 1615 1084 1653 cunctaque
1134 1609 1217 1642 Tibi
1266 1608 1420 1642 feliciter
1466 1608 1620 1650 cedant,
1666 1617 1760 1651 quae
1802 1606 1840 1639 in
1890 1611 2038 1640 tuarum

349 1673 634 1719 Disciplinarum
663 1675 945 1708 emolumentum
975 1675 1171 1708 meditaris.

401 1806 439 1837 ln
476 1805 584 1838 rebus
624 1805 800 1839 Athenaei
833 1804 1042 1838 enarrandis
1077 1815 1186 1849 quam
1219 1805 1374 1848 vellem,
1409 1804 1478 1839 A.!
1517 1809 1582 1847 ut,
1621 1814 1716 1848 quae
1735 1803 1815 1836 iure
1836 1802 2041 1836 tristissima

350 1872 469 1914 dicas,
503 1872 589 1905 mihi
624 1872 855 1905 memoranda
892 1876 1128 1905 occurrerent
1159 1871 1282 1904 nulla!
1337 1871 1405 1904 Sed
1438 1871 1474 1903 in
1514 1870 1743 1902 lectissimam
1776 1868 1868 1901 hanc
1895 1868 2040 1900 intuens

351 1938 527 1971 Iuvenum
565 1949 733 1970 coronam
750 1963 759 1981 ,
785 1949 862 1970 cam
898 1937 999 1971 video
1025 1937 1110 1969 mihi
1139 1947 1212 1969 non
1239 1935 1446 1980 contingere
1467 1935 1688 1968 felicitatem.
1741 1934 1844 1968 Duos
1866 1933 1960 1966 enim
1978 1932 2040 1966 lu-

350 2014 473 2046 gemus
523 2002 697 2036 Athenaei
749 2003 948 2046 Alumnos,
1003 2012 1241 2036 onTnEnunr
1291 2012 1536 2035 cmusrmxum
1585 2010 1805 2034 zmmnnnun
1846 2004 1882 2032 et
1924 2008 2039 2032 uxum

352 2079 569 2102 commistum
610 2080 832 2103 LAMBERTUM
870 2080 917 2102 DE
952 2080 1089 2102 camur
1122 2079 1272 2110 nnssux3
1313 2073 1535 2112 utrumque,
1575 2066 1681 2099 illam
1717 2065 1916 2111 superioris
1954 2063 2040 2096 anni

353 2144 474 2167 mense
513 2134 702 2179 August0‚
748 2135 844 2168 lztmc
879 2147 1002 2168 mense
1041 2135 1143 2168 Iunio
1179 2135 1264 2167 anni
1298 2134 1480 2179 proximi,
1526 2133 1719 2178 repentina
1758 2136 1874 2164 morte
1918 2129 2040 2162 extin—

354 2207 478 2242 ctum3
513 2201 735 2233 carissimum
767 2207 966 2245 utrumque
1002 2200 1220 2234 Parentibus
1257 2201 1331 2232 suis
1363 2205 1399 2232 et
1432 2199 1626 2244 Cognatis,
1659 2197 1844 2242 Magistris
1874 2201 1910 2228 et
1939 2195 2039 2227 Con-

355 2266 561 2312 discipulis-5
599 2278 639 2299 ae
678 2266 845 2310 lacrymis
885 2278 970 2300 sane
1004 2266 1276 2311 dignissimum,
1308 2265 1352 2298 ab
1385 2265 1455 2298 illis
1486 2266 1648 2310 ipsorum
1682 2261 1790 2296 causti
1821 2261 1958 2294 effusis.
1990 2278 2040 2287 --

357 2332 454 2374 Vos,
501 2332 654 2366 Iuvenes
708 2332 954 2365 ornatissimi!
1001 2332 1063 2377 qui
1095 2333 1289 2375 utriusque
1320 2331 1469 2364 novistis
1502 2331 1540 2363 in
1572 2328 1699 2363 studiis
1725 2327 1945 2371 diligentiam
1979 2326 2039 2359 in-

355 2399 606 2443 defessumque
642 2399 678 2430 in
713 2398 1009 2440 difficultatibus,
1054 2410 1145 2442 quas
1182 2398 1329 2430 illorum
1362 2397 1464 2430 initia
1501 2406 1632 2442 parere
1670 2393 1809 2436 solent,
1845 2391 2044 2426 exantlan⁴

356 2465 406 2494 ‹lis-
441 2465 725 2509 superandisque
766 2465 954 2506 ardorem,
992 2464 1066 2498 Vos
1085 2490 1094 2507 ,
1124 2465 1292 2509 inquam,
1321 2468 1527 2497 constanter
1550 2474 1591 2495 ea
1612 2459 1799 2508 perficite,
1838 2469 1931 2504 quae
1956 2457 2037 2491 Vo-
