2196 2950
709 165 1161 200 ORATIO.
1730 167 1778 203 35

86 284 265 327 denique,
311 291 465 325 quorum
513 291 558 312 ex
605 280 925 324 peregrinatorum
971 279 1252 324 Humbertiique
1293 282 1594 327 descriptionibus
1644 285 1776 316 certior

87 349 247 382 redditus
287 352 391 389 erat,
423 345 683 378 adumbratam.
736 344 863 378 Adhuc
895 357 1065 391 praesens
1095 346 1169 379 dies
1207 346 1268 379 ille
1301 347 1386 380 mihi
1421 349 1466 381 ob
1497 350 1657 382 animum
1690 360 1777 383 ver—

86 421 210 455 satur,
260 424 331 457 quo
375 412 465 444 hanc
507 411 609 444 nobis
658 410 858 456 Discipulis
903 412 1219 454 commonstravit,
1263 412 1315 444 ita
1350 412 1535 446 historiam
1578 425 1774 457 enarrans,

86 486 195 523 atque
242 489 286 511 ex
328 477 472 510 Tabula
520 477 581 510 illa
613 476 822 520 illustrans,
859 483 901 510 ut
936 478 1050 510 omnis
1082 477 1273 510 difficultas
1297 484 1554 521 evanesceret,
1595 480 1776 524 rebusque

85 545 194 589 gestis
232 543 337 576 medii
373 543 547 575 interesse
581 543 807 586 videremur,
844 548 929 577 vota
968 542 1166 585 facientes,
1211 543 1300 575 alios
1335 543 1435 584 eius,
1483 542 1555 587 qua
1588 555 1652 575 nos
1688 556 1777 589 per-—

85 609 345 652 sundebamur,
385 608 583 654 voluptatis
619 607 722 643 brevi
748 607 826 642 fieri
855 609 1064 654 participes.

132 740 396 783 HAMAKERUS,
441 741 623 773 communi
659 739 836 774 Veterum
873 739 1083 773 Literarum
1115 739 1223 773 saluti
1257 739 1383 772 studiis
1422 740 1496 771 suis
1527 741 1774 784 prospiciens,

84 805 383 850 Disciplinarum
410 811 530 839 tamen
560 806 656 839 haud
689 807 874 840 immemor
910 811 1000 838 erat.
1053 804 1176 848 Nihil,
1211 805 1307 849 quod
1336 816 1380 837 ex
1416 804 1536 837 Libris
1577 804 1778 838 Orientali—

86 871 152 904 bus
198 870 409 916 amplificari
453 872 591 916 possit,
639 883 660 904 a
687 883 724 904 se
755 872 912 904 alienum
943 871 1177 913 existimans,
1216 882 1300 913 eos,
1335 870 1424 914 qui,
1460 875 1501 902 ut
1536 869 1590 902 Cl.
1635 881 1777 902 UYLEN-

85 947 289 979 BRossxms,
338 935 432 968 alius
478 936 690 981 disciplinae
740 937 859 969 studia
900 947 981 969 cum
1030 935 1164 968 Litoris
1196 935 1242 968 O.
1279 935 1324 968 O.
1364 935 1652 979 coniungerent,
1704 936 1777 968 suis

84 1000 240 1034 consiliis
273 1006 309 1034 et
341 1001 477 1034 auxilio
516 1001 686 1034 lubenter
722 1002 873 1036 adiuvit.
926 1000 978 1034 Ac
1002 1001 1110 1033 talem
1136 1001 1338 1033 studiorum
1373 1000 1663 1032 coniunctionem
1703 1001 1779 1033 uti-

84 1078 169 1100 nam
212 1066 439 1100 Nostratium
484 1067 651 1100 nonnulli
699 1067 921 1101 Exterorum
961 1066 1125 1111 exemplo
1171 1066 1317 1110 saepius
1353 1066 1602 1098 imitarentur!
1664 1065 1778 1098 Utili-

81 1137 173 1165 tates
218 1132 300 1164 hinc
347 1132 391 1164 ab
419 1133 517 1165 omni
550 1138 656 1178 parte
691 1133 933 1166 redundantes
963 1132 1030 1164 hoc
1061 1131 1240 1173 suadent,
1278 1131 1403 1163 laudes
1438 1130 1678 1175 reportandae
1714 1142 1780 1164 sua

83 1203 212 1242 sponte
238 1198 415 1241 invitant,
443 1199 522 1243 ipsa
548 1199 601 1231 rei
625 1199 783 1243 gravitas
808 1203 927 1242 urget.
982 1197 1206 1241 Longissime
1232 1208 1252 1229 a
1278 1195 1380 1228 nobis
1406 1195 1499 1228 absit
1519 1195 1777 1228 Recentiorum

80 1266 117 1296 in
153 1262 304 1297 Artibus
339 1275 380 1296 ac
419 1264 632 1310 Disciplinis
671 1265 809 1298 meritis
844 1276 891 1296 ne
931 1263 1114 1296 tantillum
1153 1262 1295 1306 quidem
1335 1262 1536 1294 detrahere.
1592 1259 1640 1294 At
1664 1272 1781 1306 aequa

82 1330 211 1363 horum
251 1329 451 1363 aestimatio
484 1341 557 1362 non
596 1330 767 1375 impedit,
805 1329 997 1374 quominus
1028 1327 1275 1361 Orientalium
1301 1325 1472 1360 beneficia
1497 1327 1592 1360 iuste
1618 1327 1780 1361 eelebre-

82 1407 174 1429 mus.
239 1395 295 1429 Ne
330 1395 585 1430 obliviscamur
611 1407 806 1440 umquam,
845 1396 932 1439 quid
967 1395 1021 1428 his
1049 1394 1261 1427 debeamus!
1325 1393 1493 1437 Namque
1528 1392 1678 1426 Graecis
1704 1393 1772 1426 La-

82 1461 240 1505 tinisque
279 1461 500 1506 Disciplinas
536 1473 670 1506 parum
700 1461 910 1494 curantibus
929 1485 938 1503 ,
979 1461 1200 1505 penitusque
1237 1459 1313 1491 fere
1339 1459 1466 1491 deinde
1492 1458 1778 1503 negligentibus,

83 1526 288 1561 Orientales
314 1527 442 1559 harum
468 1538 542 1559 non
570 1527 674 1559 modo
702 1526 853 1560 suerunt
894 1532 1058 1569 tutores,
1102 1526 1163 1558 sed
1191 1536 1334 1568 sagaces
1361 1524 1567 1557 earumdem
1594 1524 1777 1565 cultores3

82 1603 147 1624 nec
182 1592 373 1625 nonnullas
408 1597 573 1635 tantum,
613 1593 691 1625 aliis
730 1593 920 1637 sepositis,
960 1603 1088 1626 verum
1129 1602 1250 1623 omnes
1276 1589 1354 1622 sere
1380 1590 1431 1622 ita
1454 1594 1686 1632 tractarunt,
1715 1595 1777 1632 ut,

83 1668 155 1689 non
193 1658 278 1690 satis
303 1657 497 1700 habentes,
536 1670 573 1690 se
599 1657 777 1690 Veterum
801 1669 1016 1702 progressus
1042 1655 1227 1699 servasse,
1256 1661 1291 1689 et
1317 1655 1360 1688 ad
1386 1661 1551 1700 posteros
1578 1654 1779 1700 propagas-

81 1733 143 1765 se,
182 1723 283 1757 novis
322 1734 382 1755 eas
417 1723 573 1758 inventis
612 1723 879 1769 magnificisque
917 1722 1151 1756 incrementis
1177 1726 1411 1755 exornarent.
1463 1720 1645 1754 Technica
1670 1732 1780 1756 voca-

81 1789 166 1820 bula
183 1814 192 1829 ,
227 1789 263 1820 in
306 1788 519 1834 Disciplinis
546 1789 814 1832 severioribus,
850 1789 1119 1822 Mathematicis
1145 1793 1181 1821 et
1207 1787 1489 1829 Astronomicis,
1518 1792 1688 1831 recepta,
1715 1798 1779 1820 ae-

80 1861 187 1886 terna
214 1854 457 1886 Orientalium
486 1855 688 1887 studiorum
720 1855 934 1888 documenta
966 1856 1111 1888 sistunt.
1165 1854 1215 1887 Et
1247 1855 1333 1898 quid
1368 1854 1483 1886 dicam
1503 1853 1546 1885 de
1569 1853 1776 1897 Medicina,

82 1918 249 1959 Chemia„
294 1919 458 1952 Historia
495 1919 690 1962 Naturali,
729 1920 837 1953 aliis?
908 1920 1052 1963 Multa,
1086 1920 1227 1962 fateor,
1268 1919 1511 1952 Orientalium
1544 1919 1695 1964 Scriptis
1735 1919 1778 1952 iis

83 1986 125 2015 de
172 1984 281 2017 rebus
322 1985 469 2028 insunt,
525 1997 617 2029 quae
667 1985 762 2019 vitiis
797 1984 943 2018 Veteris
974 1985 1054 2019 aevi
1086 1985 1275 2028 laborant,
1318 1984 1379 2017 sed
1411 1984 1527 2018 multa
1559 1985 1645 2018 item
1681 1997 1778 2019 nunc

83 2052 186 2083 etiam
227 2052 373 2095 cognitu
421 2052 538 2096 digna.
598 2051 647 2084 Et
701 2063 787 2086 vere
829 2051 953 2084 nullus
991 2051 1120 2094 labor,
1161 2051 1216 2084 his
1253 2051 1508 2095 investigandis
1541 2056 1775 2095 consumtus,

85 2119 191 2162 plane
225 2130 340 2152 vanus
376 2124 429 2151 est
460 2124 524 2152 aut
553 2118 707 2151 inutilis.
760 2118 960 2152 Caveamus
993 2129 1100 2162 ergo,
1138 2129 1211 2160 ne,
1245 2117 1448 2150 eruditione
1483 2117 1579 2150 haud
1610 2118 1775 2162 vulgari,

85 2196 177 2227 quae
223 2183 281 2217 hic
322 2185 552 2229 requiritur,
589 2185 779 2228 destituti,
814 2196 982 2219 rerumve
1018 2183 1228 2217 difficultate
1263 2184 1451 2228 deterriti,
1478 2189 1602 2228 gentes
1629 2184 1708 2217 illas
1736 2185 1772 2217 in

88 2255 307 2284 contemtum
347 2251 593 2294 adducamus,
632 2260 749 2293 neve,
790 2255 933 2295 tempus
961 2250 1148 2292 viventes,
1186 2261 1258 2293 quo
1294 2250 1455 2282 omnium
1475 2251 1604 2283 merita
1630 2250 1777 2283 uberri—

88 2315 145 2347 ma
186 2317 389 2350 laudatione
415 2322 479 2350 aut
500 2316 695 2362 splendidis
717 2316 960 2349 monumentis
984 2315 1236 2358 honorantur,
1269 2327 1314 2348 ne
1331 2340 1341 2359 ,
1372 2316 1520 2359 inquam
1537 2340 1547 2358 ,
1573 2315 1690 2359 iniqui
1724 2315 1776 2349 si—

87 2393 167 2413 mus
205 2383 240 2413 in
275 2393 400 2415 eorum
440 2382 663 2428 populorum
695 2382 926 2425 memoriam,
964 2393 1118 2426 quorum
1151 2382 1307 2417 inventis
1345 2381 1527 2426 rebusque
1560 2382 1668 2426 gestis
1698 2381 1775 2416 Re-

89 2447 288 2479 semiorum
327 2454 475 2481 conatus
509 2448 691 2481 interdum
726 2447 979 2482 obscurantur.
