2196 2950
360 163 406 196 32
830 163 875 195 T.
940 164 987 195 G.
1052 162 1080 194 Ι.
1144 160 1575 194 IUYNBOLL

363 290 435 309 rem
480 279 515 309 in
562 289 602 308 eo
645 274 834 307 excitabat.
895 276 1007 308 Cuius
1050 275 1267 308 exercendae
1311 286 1382 319 quo
1428 275 1598 307 maiorem
1636 273 1890 317 utilioremque
1923 274 2041 307 sacul-

361 348 467 374 tatem
517 342 803 384 adipisceretur,
856 352 970 373 unum
1016 341 1082 373 sibi
1129 352 1217 386 prae
1254 341 1382 372 ceteris
1417 340 1613 383 anquisivit
1651 340 1898 384 Scriptorem,
1937 351 2042 383 quem

359 407 400 437 dc
455 405 634 438 industria
684 411 868 438 tractaret.
942 406 1031 439 Mox
1077 406 1120 439 ad
1164 405 1286 448 Opera
1333 404 1586 437 Philostratea
1634 404 1772 436 delatus
1822 410 1900 446 cst,
1952 415 2044 447 quae

358 481 443 514 prae
489 470 567 503 aliis
610 482 755 503 manum
793 471 1067 503 emendatricem
1106 469 1359 515 postulabant,
1408 481 1598 513 quaeque,
1650 470 1814 513 quamvis
1855 475 1932 502 tum
1970 470 2039 502 iam

357 535 471 567 multa
514 535 685 568 deberent
725 546 982 578 1301ssoxvxmo,
1027 548 1067 568 eo
1111 535 1257 579 gravius
1306 539 1434 568 vexata
1488 540 1523 567 et
1569 533 1701 567 violata
1746 540 1831 567 sunt
1866 534 1910 566 ab
1954 545 2043 567 OLE-

321 623 324 626 -
359 610 468 641 Anto,
512 600 631 644 plura
679 600 748 641 iis,
801 605 843 632 ut
889 611 969 632 cum
1021 610 1233 632 RUHNKENIO
1276 599 1426 642 loquar,
1476 600 1630 633 vulnera
1673 598 1884 644 infligente,
1932 611 2043 644 quam

358 670 522 698 sanante.

403 729 618 763 Hmmssno
662 730 818 762 inultum
858 729 912 762 his
945 730 1097 774 Scriptis
1133 740 1265 774 operae
1304 730 1549 777 impendenti,
1580 731 1673 763 Vita
1701 729 1920 774 Apollonii,
1947 730 2043 763 haud

358 807 465 828 unam
506 795 551 828 ob
595 807 738 828 causam
783 795 879 827 lectu
920 795 1149 839 dignissima,
1187 800 1223 827 at
1262 796 1391 827 misere
1438 801 1634 838 corrupta,
1673 796 1710 827 in
1747 795 1873 839 primis
1907 796 2041 828 arrisit.

356 861 510 905 Reliqua
553 860 700 905 Opera,
743 860 856 893 Vitas
892 859 1175 904 Sophistarmlz,
1226 859 1419 903 Heroica,
1461 859 1587 892 leones
1625 864 1661 892 et
1693 859 1905 903 Epistolas,
1941 866 2045 904 post-—

360 937 467 968 quam
498 937 577 958 eum
611 926 675 958 hac
705 925 799 958 Vita
837 925 1067 968 contulerat,
1095 925 1420 959 animadversiones
1455 929 1490 957 et
1519 925 1783 957 emendationes
1801 949 1810 966 ,
1845 936 1888 957 ex
1913 924 1968 957 his
1989 925 2045 957 la-

356 991 502 1023 boribus
529 997 679 1033 enatas,
716 991 770 1023 Cl.
799 1001 979 1024 LENNEPIO
1013 991 1173 1023 tradidit.
1226 992 1368 1033 Quem,
1403 995 1444 1022 ut
1475 990 1539 1023 lias
1573 990 1718 1032 ederet,
1758 995 1941 1023 auctorem
1974 991 2044 1035 ipsi

355 1057 487 1099 fuisse,
523 1069 625 1090 nemo
649 1057 812 1101 profecto
835 1056 980 1089 dolebit.
1034 1056 1209 1089 Dolemus
1232 1056 1335 1089 modo
1360 1056 1402 1088 de
1426 1054 1546 1088 tribas
1570 1055 1749 1088 fasciculis
1768 1066 1883 1088 anam
1903 1060 2043 1088 tantum

356 1121 543 1164 prodiisse.
596 1121 735 1154 Verum
771 1121 868 1153 hicce
899 1121 1019 1165 arguit
1054 1121 1289 1165 multiplicem
1321 1131 1471 1162 revera,
1509 1125 1619 1164 atque
1653 1120 1689 1152 in
1719 1120 1855 1154 Iuvene
1882 1121 1944 1154 vix
1962 1131 2044 1152 cre-

356 1187 522 1230 dibilem,
549 1186 726 1219 Veterum
754 1187 967 1229 lectionem,
1004 1186 1294 1230 acerrimumque
1325 1185 1416 1218 illud
1448 1186 1485 1217 in
1515 1185 1699 1230 corruptis
1725 1185 1956 1218 restituendis
1982 1185 2042 1217 in—

356 1254 449 1296 genii
493 1264 641 1285 acumen
660 1277 670 1295 ,
715 1253 801 1296 quin
848 1252 1015 1284 futurum
1050 1253 1157 1284 etiam
1189 1251 1325 1283 Icarum
1353 1249 1562 1283 Literarum
1591 1251 1729 1294 pariter
1759 1255 1869 1294 atque
1910 1248 2043 1283 Orien-

358 1318 488 1351 talium
521 1317 722 1351 Vindicem.

403 1384 571 1427 Etenim,
612 1384 707 1428 quod
741 1384 867 1417 crebro
903 1383 1143 1426 observatur,
1179 1388 1244 1426 ut,
1276 1384 1338 1428 qui
1375 1389 1481 1417 antea
1507 1383 1732 1417 Graecarum
1753 1381 2041 1426 Latinarumque

358 1451 566 1484 Literarum
604 1462 726 1482 amore
775 1449 903 1482 imbuti
948 1461 1024 1482 esse
1063 1450 1301 1491 viderentur,
1340 1449 1466 1482 deinde
1499 1450 1543 1482 ad
1578 1449 1729 1482 aliarum
1762 1459 1885 1481 rerum
1917 1447 2042 1480 Studi—

356 1528 415 1548 um
462 1515 652 1558 translati,
697 1515 775 1548 illas
811 1527 963 1560 prorsus
993 1515 1199 1559 negligant,
1233 1513 1330 1546 istud
1355 1519 1497 1547 tantum
1532 1514 1678 1556 aberat,
1727 1519 1769 1546 ut
1800 1514 1837 1545 in
1869 1522 2042 1546 ΗΑΜΑΚΕ-

358 1592 434 1613 nun
468 1581 609 1613 caderet
626 1605 635 1622 ,
662 1586 703 1612 ut
735 1580 936 1613 Orientalia
968 1579 1145 1613 Veterum
1172 1579 1318 1613 illorum
1345 1581 1573 1625 Scriptorum
1593 1579 1885 1624 interpretationi
1910 1579 2042 1613 iuvan-

358 1647 421 1678 ‹lae
462 1652 497 1678 et
531 1646 755 1678 adornandae
791 1645 913 1677 sedulo
954 1645 1150 1677 adhiberet.
1202 1644 1314 1677 Amor
1339 1645 1421 1688 ille,
1450 1657 1522 1690 quo
1549 1646 1708 1678 Graecas
1734 1645 1888 1677 maxime
1913 1644 2040 1677 qusas

359 1710 668 1756 prosequebatur,
708 1716 779 1743 tam
814 1710 960 1754 penitus
996 1710 1072 1742 eius
1107 1709 1225 1742 animo
1251 1709 1383 1743 infixus
1409 1715 1509 1753 erat,
1537 1716 1579 1743 ut
1603 1710 1647 1742 ad
1672 1710 1735 1742 has
1761 1721 1837 1742 sese
1862 1710 2041 1753 reciperet

358 1776 658 1820 frequentissime.
720 1775 971 1808 Recordamini
1007 1775 1133 1817 modo,
1172 1773 1238 1808 ΑΛ
1277 1775 1540 1818 doctissimam,
1582 1786 1690 1819 quam
1715 1786 1805 1807 anno
1836 1772 1928 1808 1828
1953 1786 2042 1806 con-

358 1843 502 1887 scripsit
541 1841 844 1885 Kiesllngianae‚
885 1853 957 1885 qua
995 1840 1148 1873 Tzetzae
1187 1839 1372 1873 Clziliczdes
1407 1841 1661 1882 continentur,
1688 1839 1874 1872 Editimzis
1899 1839 2041 1872 Censu-

359 1919 448 1940 ram.
502 1907 556 1940 Ad
583 1919 690 1951 quam
716 1907 919 1939 Editionem
945 1905 1207 1938 diiudicandam
1232 1916 1336 1938 nemo
1363 1916 1448 1938 sane
1472 1915 1673 1938 ilAMAKEno
1699 1905 1817 1949 aptior
1843 1904 1924 1937 fuit.
1963 1903 2043 1937 No-

362 1985 439 2005 vam
479 1983 632 2006 TZETZAE
670 1972 872 2004 Editionem
916 1972 985 2004 iam
1035 1971 1230 2003 octodecim
1274 1970 1317 2003 ab
1359 1982 1399 2003 eo
1433 1976 1595 2015 tempore
1624 1970 1725 2002 annis
1760 1976 1879 2003 mente
1919 1969 2043 2003 volve-

361 2038 443 2079 bat,
481 2038 650 2080 allectus,
687 2049 757 2069 non
784 2037 922 2069 dicendi
949 2037 1025 2069 eius
1050 2036 1216 2078 ratione,
1244 2047 1337 2080 quae
1362 2042 1404 2069 ut
1428 2041 1554 2069 notum
1580 2041 1633 2069 est
1649 2060 1659 2078 ,
1686 2034 1826 2068 infimae
1852 2035 2042 2068 Graecita-

367 2104 408 2135 tis
442 2103 642 2135 barbariem
679 2102 745 2134 sibi
777 2103 977 2144 contraxit,
1020 2102 1081 2134 sed
1119 2113 1267 2144 rerum,
1305 2112 1394 2145 quas
1427 2103 1528 2148 κρίσει
1561 2100 1776 2144 subiiceret,
1817 2098 1943 2144 magna
1979 2112 2043 2132 co-

363 2167 434 2211 pia.
489 2166 649 2199 sz-zns
674 2178 802 2211 nempe
827 2166 1009 2211 permulta
1034 2165 1212 2199 Veterum
1228 2191 1237 2208 ,
1262 2178 1419 2210 quorum
1448 2167 1572 2212 Opera
1599 2166 1814 2212 perierunt,
1841 2165 2041 2208 fragmenta

365 2234 532 2267 servavit.
596 2232 699 2273 Quae
748 2233 914 2277 colligere
951 2238 986 2265 et
1021 2231 1255 2277 interpretari
1290 2231 1354 2264 sibi
1387 2238 1656 2277 proposuerat3
1697 2242 1805 2272 mox,
1833 2241 1903 2274 quo
1937 2230 2043 2262 meli—

366 2311 433 2341 us,
474 2311 562 2343 quos
600 2297 710 2330 libros
751 2298 809 2330 illc
845 2303 990 2331 secutus
1027 2303 1141 2340 esset,
1182 2296 1466 2340 intelligeretur,
1503 2297 1737 2330 traditionum
1764 2294 2043 2339 fabularumque

366 2365 518 2407 origines
557 2363 746 2407 indagare,
775 2374 928 2395 'rzn'rzfm
969 2375 1110 2396 errores
1145 2369 1180 2395 et
1215 2362 1470 2406 discrepantias
1506 2363 1745 2406 investigare3
1772 2362 1808 2394 in
1834 2362 1937 2404 eius,
1964 2361 2043 2394 sra-

367 2429 500 2470 trisque
528 2428 637 2461 (miei
665 2429 774 2461 vitam
813 2434 847 2460 et
876 2428 975 2469 sata,
1009 2429 1042 2460 in
1079 2428 1216 2462 dicendi
1246 2428 1420 2461 rationem
1460 2434 1495 2462 et
1531 2439 1654 2461 versas
1684 2427 1879 2471 politicos,
1911 2425 2041 2471 quibus
