2196 2950
643 151 1340 187 ΑΝΝΟΤΑΤΙΟ.
1796 151 1843 187 67

163 264 294 293 ΛΙείίἱοῖ.
320 265 431 293 Edidit
463 270 492 292 ec
525 271 680 292 comment.
711 266 884 294 illustravit
916 264 955 293 II.
980 265 1022 294 Μ.
1044 268 1129 294 Pars
1151 267 1187 302 I,
1210 273 1284 294 text.
1313 266 1383 304 Syr.
1406 267 1490 293 Pars
1513 265 1573 302 II,
1597 265 1838 303 Commentarii,

162 321 261 351 Berol.
285 325 382 360 1835,
407 329 453 357 4⁰.
498 321 656 351 Historiam
687 321 800 352 Codicis
821 322 896 360 Syro
923 339 958 346 —
982 322 1106 361 llexapl.
1133 323 1288 362 diligenter
1308 323 1492 364 persequitur
1512 323 1541 353 in
1564 322 1657 362 praef.
1674 333 1701 362 p.
1721 323 1816 354 I—lV
1830 348 1837 362 ,

162 381 241 411 illam
268 391 336 411 vero
364 392 538 411 amum-:111
571 381 855 412 Commentationem
890 382 1014 421 ignorat.
1064 383 1126 413 Hoc
1159 382 1250 412 etiam
1284 382 1441 412 dolendum
1475 388 1540 421 est,
1574 383 1724 414 Editorem
1745 383 1839 422 ipsum

163 440 298 471 Codicem
334 450 391 471 non
424 440 601 479 inspexisse,
638 440 778 479 exemplis
809 442 893 472 modo
925 447 1077 481 utentem,
1111 453 1145 472 ex
1177 443 1227 472 illo
1260 442 1422 481 descriptis.
1476 442 1633 473 Neminem
1656 448 1756 475 tamen
1780 454 1838 474 non

160 500 350 537 probaturum
374 509 436 530 esse
459 500 591 530 existimo
613 500 674 531 eius
696 500 877 540 diligentiam
901 501 930 532 in
952 501 1008 532 Ed.
1032 502 1220 532 Holmesiana
1243 501 1435 533 conserenda.

206 560 239 590 P.
262 563 310 590 25.
332 559 383 589 lin.
405 563 436 590 5.
458 570 474 590 a
497 559 519 590 s.
562 563 654 590 Haec
677 567 781 590 tamen.
802 565 860 591 cet.
904 560 990 592 Cous.
1013 571 1040 591 v.
1063 571 1090 591 c.
1112 563 1197 591 Bibl.
1220 564 1298 592 Crit.
1320 564 1404 594 Noc.
1422 561 1467 600 V,
1492 572 1520 600 p.
1544 564 1614 593 362.

205 619 241 650 P.
264 624 312 651 25.
335 620 385 650 lin.
407 627 439 656 4.
460 630 477 650 a
499 619 521 651 f.
566 623 629 650 Sed
660 624 758 660 ipsius·
788 623 1021 661 Popularibus,
1055 634 1183 662 quorum
1213 629 1269 652 cet.
1322 621 1411 660 Legg.
1443 621 1474 651 i'l
1509 622 1627 660 primis,
1660 632 1735 661 quae
1767 623 1840 654 dixit

162 680 206 710 (ΣΙ.
226 692 309 710 mn.
332 680 361 710 in
385 690 522 711 sermone
543 680 743 719 Academico,
763 691 850 719 quem
874 680 954 713 brevi
978 685 1041 719 post
1062 686 1185 711 mortem
1206 692 1377 711 namnam
1401 681 1431 711 in
1449 681 1556 712 scholis
1575 681 1699 722 hahuit,
1718 692 1841 721 moxque

165 737 266 770 edidit.

204 798 239 828 P.
262 801 311 829 26.
333 798 384 829 lin.
408 802 439 829 6.
480 802 701 840 Principatum
733 801 921 829 Ionaclzanis
954 807 984 829 et
1030 803 1174 830 Simonis.
1230 798 1324 829 Conff.
1355 802 1450 830 Misc.
1474 802 1590 830 Plzoen.
1613 809 1643 838 p.
1670 802 1841 831 156—162.

205 857 239 888 P.
263 860 312 889 26.
333 858 386 888 lin.
412 870 458 898 17.
504 861 615 889 Omnia
649 867 844 889 monumenta
865 876 902 882 -
924 861 1042 889 haurit.
1094 858 1159 891 Vid.
1180 869 1208 890 v.
1230 869 1258 889 e.
1282 861 1503 889 commentatio
1524 858 1604 890 laud.
1627 870 1656 898 p.
1678 871 1735 890 102
1757 869 1839 898 seqq.

162 922 189 948 et
212 928 240 956 p.
266 922 334 949 130.
1412 958 1428 973 ·

205 977 239 1007 P.
263 980 312 1008 26.
334 977 387 1008 lin.
412 989 464 1008 20.
513 981 736 1019 Chronologicze
760 979 983 1010 studium·Vid.
1005 981 1169 1009 Commenc.
1188 978 1268 1009 laud.
1289 989 1318 1017 p·
1342 988 1398 1015 124
1422 984 1450 1009 et
1472 982 1566 1009 Misc.
1588 982 1708 1009 Plzoen.
1728 979 1748 1009 l.
1770 979 1792 1010 l.

204 1037 238 1068 P.
263 1038 385 1068 26.1ἱη.
409 1040 457 1068 26.
502 1040 567 1068 Illa
602 1047 705 1068 autem
739 1057 777 1063 —--
805 1042 950 1079 profecit.
992 1039 1064 1078 Leg.
1098 1038 1170 1077 disp.
1199 1038 1234 1069 de
1269 1041 1394 1079 Gilgale
1421 1041 1603 1078 (Commenc.
1632 1040 1711 1070 laud.
1742 1050 1771 1079 p.
1803 1044 1843 1076 54.

163 1097 276 1136 seqq.),
308 1096 343 1127 de
378 1098 509 1127 Gibeone
536 1097 583 1127 vel
612 1098 709 1127 Gibea
731 1100 772 1136 (p.
793 1097 949 1138 24—27)‚
973 1097 1009 1127 de
1036 1099 1120 1128 Abel
1141 1100 1222 1128 Beck
1245 1102 1389 1128 Maa'clm
1412 1099 1460 1137 (p.
1485 1099 1682 1139 142—147),
1707 1098 1742 1129 de
1765 1102 1843 1129 Ma-

164 1170 234 1187 resa
257 1158 299 1198 (p.
328 1156 524 1196 157—160),
547 1157 581 1187 de
610 1160 748 1188 Siclzemo
768 1158 815 1198 (p.
842 1160 899 1189 165
921 1159 999 1198 seq.)
1024 1157 1059 1188 de
1084 1161 1162 1187 Beck
1187 1176 1223 1182 —·
1248 1161 1313 1188 Car
1333 1161 1375 1197 (p.
1401 1160 1472 1198 194)
1488 1181 1497 1196 ,
1530 1158 1565 1188 de
1589 1161 1730 1199 sepulcro
1764 1161 1845 1190 Eze-

165 1219 272 1247 chielis
307 1219 349 1256 (p.
383 1217 453 1256 118)
487 1222 515 1248 et
547 1220 692 1248 Danielis
724 1220 768 1259 (p.
790 1222 846 1250 135
865 1218 958 1256 seqq.)
983 1235 1022 1239 —
1042 1217 1188 1248 Eiusmodi
1212 1223 1318 1257 notas,
1352 1218 1503 1248 historiam
1524 1222 1553 1248 et
1569 1218 1787 1258 Geographiam
1807 1219 1842 1251 V.

166 1282 195 1307 et
228 1276 266 1307 N.
284 1277 321 1307 T.
348 1277 530 1308 illustrantes
562 1278 678 1308 exhibet
700 1278 788 1308 etiam
811 1290 983 1309 muium
1004 1278 1157 1308 annotatio
1172 1303 1180 1317 ‚
1207 1278 1284 1310 Diss.
1303 1288 1388 1309 meae
1412 1278 1466 1319 (de
1487 1280 1602 1309 Amoso
1623 1279 1658 1309 L.
1678 1278 1714 1311 B.
1737 1283 1818 1311 1828
1832 1305 1840 1319 ‚

165 1335 220 1375 40)
249 1336 368 1367 addita:
403 1347 432 1367 v.
460 1348 487 1368 c.
517 1337 552 1367 de
588 1339 712 1367 Thekoa
745 1347 774 1375 p-
796 1341 834 1369 35
855 1347 914 1376 seq·
928 1361 936 1375 ,
962 1337 997 1367 de
1017 1346 1119 1367 terrae
1143 1346 1226 1367 motii
1242 1340 1297 1367 sub
1325 1341 1421 1368 Uzzia
1437 1361 1446 1376 ,
1460 1342 1489 1368 et
1514 1337 1593 1369 sonte
1614 1341 1715 1380 Rogel
1735 1344 1793 1371 cet.
1814 1350 1842 1379 p.

168 1400 203 1436 37
228 1405 327 1435 seqq.‚
351 1395 385 1426 de
404 1399 589 1427 Bethabara
610 1408 637 1436 p.
661 1401 785 1433 41-—43
799 1420 808 1436 ‚
832 1397 867 1427 de
888 1408 943 1427 usu
963 1397 1041 1428 vocis
1060 1399 1166 1428 Iauan
1185 1397 1212 1427 in
1235 1397 1269 1428 V.
1294 1397 1331 1428 T.
1355 1408 1383 1436 p.
1403 1401 1443 1434 45
1453 1407 1539 1438 —47.

211 1455 245 1485 P.
269 1458 318 1486 26.
340 1455 393 1487 lin.
416 1468 465 1496 27.
512 1460 613 1495 Quam
647 1465 680 1486 ut
708 1459 885 1487 illustraret
914 1475 951 1482 ——
976 1459 1115 1487 contulit.
1160 1457 1343 1487 [huam-:nt
1367 1457 1501 1488 notitiam
1523 1467 1581 1488 non
1601 1457 1687 1488 modo
1707 1457 1742 1488 de
1765 1458 1846 1489 Scri-

166 1517 223 1555 ptis
248 1516 283 1547 V.
310 1516 347 1546 T.
378 1521 407 1547 et
438 1519 734 1547 Deuteroccznonicie
749 1542 756 1555 ‚
788 1527 863 1555 quae
884 1518 1041 1556 dicuntur,
1067 1527 1167 1547 verum
1191 1517 1279 1547 etiam
1298 1517 1333 1546 de
1358 1519 1646 1558 Pseudepigrapliis
1671 1528 1841 1556 rumen,

166 1576 202 1605 de
232 1587 355 1605 rmvm
389 1586 534 1613 merum,
568 1587 752 1605 ΒεΝιΑΜιΝΕ
772 1587 971 1614 monuerat,
994 1575 1079 1613 aliis,
1103 1575 1182 1605 haud
1203 1575 1292 1605 fuisse
1314 1575 1484 1614 vulgarem,
1520 1575 1623 1605 exinde
1646 1576 1844 1614 cognovimus.

212 1635 246 1666 Ρ.
269 1637 318 1665 26.
341 1635 392 1665 lin.
415 1638 444 1665 3.
464 1645 480 1665 a
501 1634 521 1665 s.
566 1635 727 1665 Remum.
758 1653 795 1658 —-
830 1634 875 1664 De
900 1634 1064 1673 Operibus,
1089 1633 1188 1665 seculo
1218 1634 1367 1673 superiore
1389 1634 1427 1665 ad
1449 1634 1664 1674 Geographiam
1688 1638 1843 1667 Biblicam

169 1699 196 1725 et
221 1697 427 1724 Palaestinae
449 1693 655 1724 illustrandam
677 1704 693 1723 a
715 1693 902 1724 Nostratibus
921 1693 1025 1731 editis,
1050 1693 1097 1724 vid
1120 1705 1283 1724 wama-r
1307 1697 1414 1724 Selleis
1437 1695 1457 1724 l.
1486 1695 1506 1725 l.
1529 1705 1558 1733 p.
1579 1697 1634 1725 168
1654 1705 1734 1734 seqq.

212 1755 247 1785 P.
270 1757 319 1785 26.
341 1755 391 1785 lin.
413 1755 467 1784 uli.
494 1771 534 1776 --
569 1758 689 1783 [iorum
720 1766 836 1783 errores
861 1771 897 1776 —
919 1755 1071 1783 emendat.
1114 1753 1239 1784 Praeter
1257 1753 1330 1792 disp.
1350 1754 1385 1784 de
1409 1754 1574 1785 nominibus
1593 1755 1737 1793 propriis,
1758 1755 1843 1785 modo

168 1814 267 1844 laudd.
300 1815 341 1852 (in
376 1814 480 1852 quibus
499 1824 558 1844 non
581 1814 651 1844 levis
674 1819 717 1843 est
743 1813 881 1842 momenti
905 1812 977 1850 disp.
998 1813 1033 1842 de
1054 1815 1179 1853 Gilgale
1194 1837 1202 1850 ‚
1222 1813 1271 1843 ubi
1294 1823 1390 1843 sermo
1410 1818 1453 1844 est
1474 1813 1509 1843 de
1531 1816 1603 1843 urhe
1626 1818 1654 1844 et
1673 1818 1798 1851 morin
1814 1820 1844 1846 et

171 1875 244 1913 disp.
278 1875 313 1905 de
344 1876 474 1904 Gibeone
501 1873 547 1903 vel
575 1875 688 1911 Gibea,
724 1883 798 1910 quae
830 1872 944 1902 diversa
973 1872 1100 1902 eiusdem
1134 1872 1214 1902 urbis
1247 1872 1366 1902 nomina
1402 1872 1492 1903 fuisse
1522 1873 1725 1913 ostenditur),
1755 1874 1845 1906 conff.

172 1935 249 1965 dieta
269 1934 303 1964 de
333 1936 442 1964 Thisbe
467 1937 508 1972 (p.
531 1931 688 1973 39-41)‚
711 1931 746 1961 de
768 1933 851 1960 Abel
872 1949 907 1954 —
931 1933 1060 1960 Melzola
1084 1934 1131 1970 (p.
1151 1934 1189 1966 48
1213 1940 1313 1969 seqq.‚
1338 1939 1391 1967 141
1413 1933 1505 1970 seqq.)
1528 1931 1563 1962 de
1585 1932 1691 1971 triplici
1712 1935 1843 1964 Emma-

173 1999 245 2024 tznte
266 1996 313 2032 (p.
340 1993 531 2034 170-174),
555 1996 613 2023 cet.

216 2053 250 2083 P.
275 2056 322 2084 26.
344 2053 396 2084 lin.
416 2053 470 2083 ult.
514 2054 651 2083 Nomina
675 2054 813 2092 Propria
839 2067 880 2072 —
905 2052 1015 2081 tradit.
1058 2049 1100 2080 Ex
1134 2050 1233 2081 multis
1262 2050 1385 2089 exempli
1418 2051 1482 2082 loco
1503 2051 1561 2082 siut
1583 2051 1663 2083 dicta
1679 2052 1714 2083 de
1738 2062 1846 2093 cogno-

171 2113 316 2152 minibus,
352 2116 489 2143 Sichemo
515 2112 631 2143 tributis
654 2111 743 2151 (ibid.
764 2121 791 2150 p.
817 2113 874 2143 165
893 2109 966 2149 seq.)
986 2109 1020 2140 de
1042 2112 1227 2140 Bethabara
1250 2113 1292 2150 (p.
1318 2122 1370 2142 121
1387 2136 1395 2150 ,
1419 2111 1487 2142 coll.
1510 2121 1543 2150 p.
1570 2116 1626 2143 185
1645 2113 1719 2153 seq.)
1776 2136 1785 2143 .

215 2173 250 2204 P.
271 2185 320 2214 27.
342 2172 394 2203 lin.
420 2184 465 2213 19.
512 2174 583 2210 Qua
605 2174 758 2201 sententia
777 2174 835 2201 cet.
878 2169 942 2201 Vid.
967 2171 1078 2200 Comm.
1096 2168 1175 2200 laud.
1196 2179 1224 2207 p.
1241 2178 1282 2205 42
1295 2178 1383 2209 -44‚
1405 2174 1446 2201 50
1466 2180 1563 2210 seqq.‚
1593 2176 1650 2203 152
1671 2182 1750 2211 seqq.

215 2233 251 2264 P.
274 2245 323 2274 27.
345 2233 397 2264 lin.
419 2243 468 2263 22.
505 2245 541 2263 ne
577 2233 614 2262 de
646 2234 719 2262 aliis
753 2249 789 2254 —
820 2233 941 2272 loquar.
994 2229 1080 2263 Vidd.
1112 2228 1191 2259 dicta
1225 2239 1255 2260 v.
1287 2240 1314 2260 c.
1348 2229 1384 2260 de
1412 2233 1537 2270 piscina
1571 2233 1733 2271 Gibeonis‚
1768 2232 1789 2264 l.
1822 2233 1842 2264 l.

174 2304 202 2332 p.
224 2295 274 2334 96.

219 2353 253 2383 Ρ.
276 2365 325 2394 27.
347 2353 397 2384 lin.
423 2363 471 2390 24.
517 2356 588 2392 Qua
620 2357 652 2382 ia
674 2365 771 2383 caasa
791 2355 855 2382 sais
885 2354 958 2381 licet
981 2355 1038 2381 cet.
1079 2350 1306 2381 Onsuimsizuus
1331 2351 1463 2382 libellum
1487 2351 1596 2382 edidit:
1619 2364 1675 2382 zur
1698 2361 1842 2395 topogra-

173 2416 245 2454 plzi'e
277 2415 329 2444 des
360 2416 444 2444 alten
470 2416 664 2450 Jerazaiem,
698 2412 762 2443 Kiel
797 2415 875 2444 1833
910 2414 955 2442 8⁰.
1008 2410 1098 2441 Fam.
1120 2421 1230 2441 norm..
1253 2423 1358 2441 enonnz
1383 2412 1494 2452 Geogr.
1514 2414 1585 2441 hist.
1606 2413 1770 2443 beschreib.
1789 2416 1842 2445 dee
