2196 2950
364 195 407 227 531³*
830 192 875 224 Τ.
938 192 984 224 G.
1048 185 1078 218 I·
1146 190 1574 225 IUYNBOLL

363 310 450 340 ciam
474 308 576 351 digne
601 305 850 338 administrare
870 307 997 349 possit.
1036 305 1089 340 Ac
1114 306 1346 340 nihilominus
1370 306 1436 339 hae
1456 305 1613 338 rationes
1628 329 1638 348 ,
1661 304 1890 349 gravissimae
1910 305 1992 339 licet
2016 313 2051 339 et

365 372 568 405 verissimae
586 396 596 413 ,
635 376 671 404 et
696 370 808 413 tales,
836 376 878 404 ut
915 370 1125 405 Literarum
1151 372 1401 404 Semiticarum
1427 372 1624 404 Doctorem
1650 371 1694 403 ab
1720 372 1762 403 iis
1788 371 1920 415 linguis
1946 371 2054 405 Asia-

366 439 440 470 ticis
457 463 466 480 ,
509 449 600 481 quae
640 449 722 470 cum
758 437 828 470 illis
854 449 925 470 non
952 443 1050 471 arcte
1076 438 1295 480 cohaerent,
1323 436 1489 480 religiose
1512 436 1628 469 adhuc
1654 437 1843 469 deteneaut
1861 461 1870 478 ‚
1898 437 1965 469 hae
1990 448 2053 470 ra-

364 504 476 535 tiones
525 514 594 535 non
638 503 728 536 hanc
779 503 876 548 apud
918 514 1149 537 uAMAKERUM
1196 502 1270 537 vim
1308 501 1540 545 habuerunt,
1591 508 1633 535 ut
1660 503 1727 535 hoc
1763 503 1928 535 Studium
1961 503 2058 536 inta—

365 575 462 602 ctum
510 569 745 612 relinqueret.
811 568 917 600 Talia
949 580 971 601 a
1001 567 1234 601 Nostratibus
1262 578 1414 612 prorsus
1449 569 1607 613 negligi,
1642 574 1855 613 gentemque
1891 574 2053 602 nostram

361 636 432 668 illis
468 635 752 680 praecipuorum
791 633 964 678 Europae
1003 634 1227 679 populorum
1261 632 1429 666 laudibus
1463 633 1572 678 plane
1598 634 1762 677 excludi,
1790 634 1932 679 indigne
1957 635 2055 667 fere-

364 702 434 733 bat.
488 700 641 743 Itaque,
678 699 852 732 Semiticis
889 699 1112 744 aliquamdiu
1151 699 1318 745 sepositis
1352 698 1637 743 quodammodo,
1674 699 1745 732 illis
1772 700 1875 732 enixe
1908 711 2056 745 operam

362 766 469 798 dedit.
536 763 588 797 Ac
626 776 775 807 revera,
812 766 841 797 si
877 764 959 809 quis
999 764 1092 797 alius
1127 776 1203 797 rem
1241 764 1335 797 tanti
1366 763 1521 797 ambitus
1561 765 1705 809 aggredi
1741 771 1890 810 posset,
1926 766 1976 798 ita
2015 771 2052 798 ut

363 832 529 864 Semitica
570 831 665 863 haud
710 831 760 863 ita
809 841 978 874 magnum
1024 830 1281 863 detrimentum
1321 834 1518 873 caperent,
1555 829 1623 861 hoc
1656 830 1779 873 potuit
1812 841 2054 872 3111111133υῆ

361 897 428 929 hoc
470 895 570 929 firma
618 896 825 940 florensque
854 895 1049 939 valetudo,
1096 896 1312 938 assiduitas,
1345 894 1562 928 incredibilis
1600 894 1742 939 linguas
1776 895 1981 929 addiscendi
2022 901 2057 928 et

366 964 402 994 111
442 974 565 994 earum
601 967 769 994 naturam
816 973 853 994 se
903 962 1110 995 insinuandi
1150 961 1332 1003 facilitas,
1382 960 1657 1005 singularesque
1688 961 1817 994 mentis
1849 961 2056 1005 ingeniique

366 1028 554 1060 facultates
593 1039 675 1060 cum
707 1027 994 1072 permittebant,
1030 1033 1108 1061 tum
1148 1031 1317 1062 eventum
1347 1025 1449 1061 velut
1480 1026 1729 1059 monstrabant
1757 1027 1969 1060 secundum.

415 1093 548 1126 Literis
583 1093 657 1126 illis
688 1092 854 1126 Asiaticis
891 1105 959 1138 per
991 1105 1055 1127 sex
1086 1093 1233 1126 ultimos
1264 1092 1358 1127 vitae
1391 1103 1504 1124 annos
1537 1091 1755 1136 praesertim
1792 1092 1931 1125 deditus
1966 1097 2055 1124 erat.

370 1159 500 1201 antea,
546 1159 641 1191 haud
679 1159 849 1203 ignorans
867 1184 876 1202 ,
916 1165 1106 1193 strenuum
1141 1157 1399 1192 Arabicarum
1430 1158 1669 1202 interpretem
1695 1158 1905 1191 Persarum
1931 1168 2058 1190 recen—

365 1226 502 1257 tiorum
544 1223 827 1270 Tarcaramqae
867 1225 1078 1269 linguarum
1125 1223 1274 1258 scientia
1310 1225 1471 1268 indigere
1506 1234 1579 1257 non
1617 1235 1724 1269 posse
1759 1225 1803 1257 ad
1837 1225 2056 1257 recentiores

367 1290 526 1323 Arabum
568 1289 679 1322 libros
716 1290 806 1323 bene
845 1290 1120 1335 intelligendos,
1165 1291 1228 1324 has
1273 1290 1343 1323 iam
1385 1290 1575 1334 diligenter
1615 1289 1790 1323 coluerat.
1852 1290 1966 1323 Cuius
2005 1290 2056 1322 rei

366 1356 561 1400 specimina
610 1361 754 1389 exstant
782 1368 862 1388 cum
899 1357 935 1388 in
976 1356 1177 1399 Oratione,
1218 1367 1326 1400 quam
1358 1354 1553 1389 vernacula
1580 1354 1703 1400 lingua
1738 1355 1977 1401 conscripsit,
2012 1357 2055 1388 (le

366 1421 568 1464 Ferdusio,
609 1421 842 1455 celeberrimo
877 1422 1073 1454 Persarum
1105 1421 1244 1463 Poeta,
1285 1427 1363 1454 tum
1396 1421 1529 1466 passim
1565 1432 1632 1466 per
1667 1421 1786 1454 omnia
1810 1421 1887 1454 eius
1915 1422 2057 1466 Scripta

365 1487 616 1532 reperiuntur.
676 1488 780 1530 Quae
817 1492 939 1519 autem
975 1487 1019 1519 de
1057 1486 1225 1520 Tarcicis
1261 1493 1297 1520 et
1335 1486 1521 1520 Tatarleis
1550 1487 1683 1532 linguis
1715 1487 1874 1530 notavit,
1905 1487 2058 1533 legenti-

368 1554 456 1595 bus,
501 1554 568 1585 hoc
614 1553 715 1585 nobis
766 1553 957 1586 molestum
993 1554 1141 1596 accidit,
1179 1565 1249 1586 11011
1286 1554 1423 1586 tamdiu
1463 1553 1499 1585 in
1534 1552 1588 1586 his
1622 1564 1705 1586 eum
1742 1558 1927 1587 versatum
1964 1553 2059 1587 fuis-

369 1632 432 1656 se,
464 1620 575 1650 donee.
609 1619 739 1651 harum
773 1618 980 1662 linguarum
1011 1630 1092 1651 cum
1127 1618 1204 1651 aliis
1238 1631 1370 1652 nexum
1390 1645 1399 1662 ,
1440 1619 1598 1652 nondum
1640 1619 1861 1663 indicatum}
1895 1621 2057 1653 animad-

369 1685 547 1717 vertisset.
613 1683 653 1715 In
701 1695 823 1715 earum
858 1684 1121 1717 vicissitudines
1164 1684 1233 1716 iam
1272 1685 1458 1728 inquirere
1491 1690 1683 1729 coeperat,
1723 1695 1763 1717 ae
1793 1684 1901 1717 talem
1935 1698 2058 1719 earum

371 1751 506 1783 viderat
549 1762 625 1783 esse
657 1750 922 1791 conditionem,
963 1755 1005 1782 ut
1038 1749 1159 1782 cultus
1188 1756 1223 1783 et
1258 1750 1491 1783 humanitatis
1527 1750 1674 1782 illarum
1706 1751 1864 1795 gentium
1898 1751 2058 1795 primor-

368 1818 422 1849 dia
468 1829 487 1849 a
538 1817 784 1849 remotissimis
834 1816 1058 1860 temporibus
1098 1816 1169 1848 sint
1208 1815 1310 1848 nobis
1359 1816 1567 1860 repetenda.
1621 1816 1728 1857 Quod
1767 1817 1796 1849 si
1832 1818 2054 1862 perpendant

370 1883 441 1923 illi,
479 1883 540 1927 qui
572 1882 700 1925 Indos,
726 1882 861 1914 Indiam
889 1883 1124 1924 invadentes,
1158 1883 1227 1915 iam
1261 1881 1520 1926 quodammodo
1552 1882 1715 1915 excultos
1750 1881 1887 1924 fuisse,
1916 1883 2051 1916 miren-

378 1956 461 1991 tur,
490 1949 547 1990 id⁷
578 1948 672 1993 qnod
712 1949 772 1982 vix
808 1949 1025 1992 admittant,
1063 1947 1130 1981 fide
1169 1948 1414 1992 dignissimum
1456 1952 1554 1980 certe
1593 1947 1802 1980 censebunt.

423 2015 476 2047 De
520 2015 572 2047 his
620 2014 784 2047 'vl‘urcicis
827 2014 1080 2058 'falaricisque
1136 2013 1245 2046 rebus
1299 2023 1522 2046 uammzmws
1569 2013 1766 2058 praecipue
1813 2014 1982 2047 disseruit
2021 2015 2054 2047 in

375 2083 506 2126 Operis
539 2091 836 2123 KLAPROTmANI,
884 2081 981 2124 quod
1016 2080 1114 2114 Asia
1147 2080 1365 2125 Polyglotta
1404 2079 1643 2123 inscribitur,
1686 2080 1850 2113 Censura
1887 2081 2059 2113 eruditis-

376 2148 484 2187 sima,
531 2147 697 2190 ipsique,
732 2152 771 2178 ut
813 2145 963 2188 ferunt,
1010 2156 1224 2179 KLArnoruo
1266 2146 1480 2189 gratissima.
1548 2145 1645 2179 Hinc
1686 2147 1930 2191 perspicitur,
1973 2147 2058 2190 quid

375 2222 603 2245 nanszrM
663 2212 747 2244 item
792 2212 946 2245 moverit
1005 2211 1049 2244 ad
1100 2211 1229 2244 limites
1276 2211 1476 2254 tollendos,
1526 2223 1618 2256 quos
1669 2212 1928 2256 plerorumque
1979 2218 2059 2245 stu-

375 2279 441 2309 diis
485 2277 620 2321 positos
656 2276 828 2310 videmus.
891 2279 1119 2321 Quamquam
1159 2276 1224 2309 hoc
1260 2287 1303 2309 ex
1339 2276 1416 2309 aliis
1454 2289 1600 2321 quoque
1645 2276 1910 2322 Scriptionibus
1949 2283 1986 2310 et
2022 2279 2057 2311 in

379 2343 500 2386 primis
550 2354 568 2373 e
610 2341 752 2374 duabus
801 2347 899 2386 patet
951 2341 1214 2376 Orationibus:
1260 2354 1414 2386 quarum
1461 2342 1602 2386 altera,
1654 2343 1848 2376 vernaculo
1895 2355 2058 2377 sermone

373 2408 573 2451 vonwriptzi
592 2434 601 2447 ,
635 2408 678 2440 cle
713 2407 863 2440 Calidae
881 2433 890 2450 ,
925 2408 1102 2452 praeclari
1134 2408 1348 2441 Sacontalae
1367 2434 1375 2450 ,
1407 2408 1575 2442 Indorum
1599 2409 1764 2441 carminis
1783 2434 1792 2451 ‚
1819 2408 1977 2452 Poetae,
2002 2409 2055 2442 Cl.

380 2482 549 2504 mummi
587 2472 759 2505 horreum
790 2473 1001 2505 literarium
1039 2475 1205 2513 ornavit3
1246 2473 1383 2509 alterat.
1429 2474 1563 2517 latinii,
1599 2475 1642 2507 (le
1673 2473 1856 2508 Gulielmo
1892 2475 2056 2516 lonasio,
