2196 2950
565 133 1263 169 ANNOTATIO.
1710 130 1756 165 49

75 247 135 277 sieri
164 246 272 286 possit,
305 246 355 279 Vir
386 245 472 278 Doct.
506 259 538 276 n.
556 257 781 278 aurnuroonnr
803 247 834 278 in
855 247 987 286 publicos
1009 248 1094 277 Bibl.
1116 249 1255 286 Franeq.
1274 255 1343 276 usus
1364 244 1530 283 descripsit.
1574 243 1655 274 Inter
1672 243 1758 275 MSS.

77 311 176 337 autem
194 318 303 337 minan
327 315 398 344 prae
419 306 524 336 ceteris
542 306 832 336 commemorandum
853 311 897 337 est
920 309 1057 336 Lexicon
1082 308 1247 345 Syriacum
1261 328 1269 342 ,
1283 314 1317 333 ex
1333 304 1455 342 Syriaca
1478 304 1512 336 V.
1524 302 1580 341 T.,
1599 302 1755 333 librorum-

76 375 131 404 que
163 365 353 404 quorumdam
397 364 643 403 Apocryphorum
677 370 706 395 et
734 365 772 395 N.
790 365 827 395 T.
853 365 993 397 Versione
1015 364 1226 403 compositum,
1253 363 1407 393 Hebraicis
1430 363 1628 402 Graecisque,
1653 361 1758 400 quibus

75 427 197 465 Syriaca
228 425 426 464 respondent,
460 435 520 455 una
553 436 620 455 cum
653 425 756 457 horum
795 424 1039 463 interpretatione
1073 424 1206 460 Latina,
1230 422 1336 461 passim
1360 422 1491 452 adiectis.
1536 422 1676 452 Ceterum
1699 422 1754 460 leg.

78 485 240 516 Curiander
264 486 294 515 in
316 485 408 515 libro:
437 488 514 515 Vita
534 493 564 515 et
589 488 714 526 Scripta
741 497 765 516 1.
787 497 896 516 minen
919 484 1045 522 Franeq.
1072 486 1162 514 1616.
1181 489 1239 519 4t0.

119 546 153 576 P.
176 549 204 576 8.
225 545 256 575 in
278 544 327 575 fin.
348 547 407 575 sed
435 556 576 575 ERPENIO
610 552 639 574 et
662 555 756 575 como
779 548 812 575 in
829 548 941 585 primis
958 545 1195 584 praeeuntibus·
1242 542 1324 572 Haec
1348 540 1504 580 periodus,
1528 540 1563 570 de
1586 550 1643 578 qua
1666 540 1759 578 loqui-

77 610 125 635 tur
151 616 293 635 amonen-
325 605 346 634 l.
367 604 386 635 l.
405 604 438 643 Ι,
469 615 498 643 p.
522 609 681 636 202—205
695 629 703 643 ,
738 604 866 642 (collatis
894 616 1027 635 rnrmu
1051 604 1135 634 dictis
1159 603 1188 633 in
1208 601 1301 641 praef.
1320 604 1459 632 Gramm.
1478 602 1556 631 Ebr.
1576 603 1757 641 generalis,

77 664 157 695 cuius
179 669 212 696 3²1
234 663 323 695 editio
344 664 451 703 prodiit
470 664 506 695 L.
524 664 559 695 B.
584 667 661 705 1659
686 665 736 702 80)
759 664 862 694 Studio
884 663 998 694 Codicis
1023 663 1116 693 Hebr.
1136 672 1279 702 perquam
1301 660 1431 692 infausta
1455 665 1528 691 erat.
1562 660 1668 691 Secuto
1680 661 1757 690 enim

80 735 113 764 17
138 723 279 763 ineunte,
302 723 474 754 oriebantur
494 724 525 754 in
551 723 652 754 Patria
676 727 796 762 nostra,
823 734 858 754 ac
881 723 986 753 deinde
1008 722 1251 760 invalescebant,
1277 725 1305 751 et
1317 721 1346 751 in
1357 720 1451 751 Acad.
1464 720 1553 750 etIam
1565 719 1642 750 L.ss.
1655 720 1760 750 misere

77 783 233 814 admodum
254 783 427 815 saeviebant
450 783 514 814 lites
532 783 628 822 istae,
651 783 728 814 inter
750 786 948 820 Reformatos
975 782 1071 813 acrius
1093 781 1232 820 agitatae.
1262 780 1368 818 Quae,
1382 790 1448 810 cum
1461 779 1518 809 iam
1531 778 1640 809 dudum
1652 780 1760 810 multos

77 854 94 873 a
116 853 256 883 germano
278 843 364 874 huius
386 842 500 877 Codicis
521 843 624 873 Studio
647 848 841 881 avocassent,
866 853 952 881 mox,
973 842 1022 872 ubi
1043 851 1076 871 eo
1088 841 1264 878 valuerant,
1278 845 1310 870 ut
1324 840 1405 870 Libri
1418 839 1576 878 Syinbolici
1590 840 1760 878 promulga-

77 907 180 934 rentur
193 926 202 941 ,
217 902 377 933 multorum
390 902 423 934 V.
435 902 472 932 T.
486 902 615 932 locorum
628 902 902 941 interpretationem
913 901 1085 932 exhibentes
1096 925 1105 939 ,
1121 910 1209 938 quam
1221 899 1388 937 improbare
1400 899 1511 929 nemini
1524 899 1654 938 licebat,
1668 899 1761 930 multo

76 962 174 1002 plures
197 960 234 991 ab
247 961 347 991 eodem
359 961 578 992 deterruerunt.
610 961 643 992 In
657 962 757 1000 primis
769 971 838 993 vero
851 961 987 992 Studium
1000 960 1074 991 illud
1086 959 1295 999 languescebat
1309 963 1371 997 post
1382 958 1490 989 editam
1505 958 1622 997 publica
1635 959 1762 990 auctori-

76 1026 137 1052 tate
147 1021 182 1054 V.
192 1026 220 1052 et
232 1021 318 1051 N.T.
329 1021 500 1053 versionem
512 1021 675 1061 Belgicam.
698 1022 795 1060 Quam
808 1022 902 1054 solam
914 1021 992 1060 sequi
1006 1031 1073 1052 cum
1087 1020 1218 1059 plerique
1229 1020 1372 1059 'l'heologi
1384 1020 1455 1050 satis
1465 1019 1610 1050 haberent
1620 1044 1629 1058 ,
1641 1024 1670 1050 et
1682 1019 1762 1050 The-

75 1081 202 1121 ologicas
221 1081 404 1119 quaestiones
425 1085 562 1111 excutere
574 1082 714 1121 mallent,
730 1082 847 1121 linguae
860 1081 954 1112 Hebr.
964 1081 1100 1111 Studium
1112 1081 1256 1110 intactum
1271 1079 1332 1110 fere
1342 1079 1458 1110 iaccbat
1470 1102 1481 1118 ,
1496 1079 1586 1109 donec
1599 1090 1615 1110 a
1628 1090 1759 1110 coccmo

76 1140 212 1179 aliisque,
238 1140 409 1179 praesertim
439 1141 476 1171 ab
498 1153 662 1172 ammom
686 1146 714 1172 et
739 1151 1046 1172 ALn.scnv1.mNs1o
1067 1141 1284 1178 instauratum,
1317 1138 1367 1169 htc
1390 1139 1495 1170 iterum
1520 1138 1622 1169 llorere
1644 1139 1754 1177 coepit.

116 1200 173 1230 Sed
204 1200 276 1231 haec
305 1205 469 1239 temporum
489 1201 616 1232 conditio
636 1202 767 1233 multum
789 1201 891 1240 abest,
927 1206 959 1232 ut
978 1204 1106 1241 reliquis
1126 1200 1258 1230 dialectis
1279 1199 1425 1231 Semiticis
1448 1200 1576 1230 colendis
1594 1209 1686 1238 aeque
1709 1199 1762 1230 ad-

75 1269 158 1290 versa
184 1259 285 1290 suerit.
328 1260 437 1291 Contra
466 1263 616 1292 Arabicis
647 1262 753 1292 Literis
784 1271 872 1300 opera
906 1261 1074 1292 navabatur
1094 1260 1224 1299 insignis.
1270 1260 1334 1290 Hae
1356 1261 1433 1290 enim
1455 1260 1573 1290 Literae
1593 1269 1651 1289 non
1669 1268 1761 1289 unam

75 1320 110 1349 oh
139 1330 259 1351 causam
287 1330 320 1350 eo
351 1325 480 1359 tempore
510 1321 585 1353 Viris
617 1322 815 1361 sagacioribus
839 1325 923 1352 erant
946 1320 1140 1361 gratissimae.
1184 1320 1376 1351 Fruebantur
1401 1330 1504 1350 earum
1527 1319 1661 1351 Cultores
1682 1319 1760 1351 dulci

76 1380 178 1418 quietis
207 1381 371 1420 suavitate,
401 1381 474 1412 nulli
505 1381 567 1412 irae
595 1382 725 1420 expositi.
768 1382 975 1412 lncitabantur
1001 1381 1043 1411 illi
1072 1381 1232 1412 Procerum
1267 1392 1301 1411 ac
1325 1381 1514 1412 Summorum
1534 1381 1759 1421 Magistratuum

78 1440 176 1471 favore
194 1446 223 1472 et
242 1441 365 1472 auxiliis.
409 1440 544 1480 Denique
565 1441 699 1472 instructi
718 1445 803 1472 erant
826 1453 996 1471 scamomt
1019 1441 1158 1472 Codicum
1176 1441 1263 1472 0.0.
1291 1441 1450 1480 thesauro,
1475 1452 1493 1471 a
1515 1454 1614 1471 como
1639 1442 1762 1481 aliisque

78 1510 185 1540 magna
217 1500 374 1532 Librorum
405 1501 487 1531 MSS.
516 1502 602 1540 copia
623 1501 760 1540 deinceps
784 1506 880 1533 aucto.
924 1502 991 1533 Vid.
1014 1514 1159 1532 smcmss.
1189 1501 1211 1531 l.
1239 1501 1259 1531 l.
1292 1500 1324 1539 1,
1362 1511 1390 1540 p.
1418 1505 1485 1533 135.
1508 1500 1556 1539 ΙΙ,
1592 1512 1620 1539 p.
1644 1511 1681 1538 14
1703 1511 1764 1540 seq.

120 1560 174 1591 His
207 1561 384 1602 temporibus
416 1561 579 1593 floruerunt
610 1574 767 1593 curamus
796 1567 825 1593 et
855 1574 980 1593 comus.
1004 1581 1035 1586 -
1062 1561 1223 1592 Enrnsms
1246 1561 1387 1602 (THOMAS
1410 1572 1476 1591 van
1499 1560 1591 1599 mre)
1615 1561 1652 1591 ab
1683 1571 1762 1591 anno

84 1622 179 1658 1613,
212 1630 268 1658 quo
295 1620 330 1651 L.
348 1620 384 1651 B.
406 1622 588 1660 vocabatur,
620 1623 751 1662 linguam
773 1623 933 1653 Arabicam
956 1622 1086 1659 aliasque
1110 1621 1223 1660 linguas
1246 1621 1282 1651 O.
1305 1620 1343 1651 Ο.
1365 1620 1482 1659 docuit;
1507 1620 1685 1651 Hebraicam
1708 1630 1761 1652 ve-

79 1689 111 1709 ro
133 1679 170 1710 ab
197 1690 275 1710 anno
309 1682 407 1719 1620,
442 1691 499 1720 quo
527 1681 613 1712 hnius
646 1681 764 1721 linguae
797 1681 959 1711 tradendae
983 1691 1112 1718 munus,
1142 1692 1283 1711 commeo
1316 1685 1454 1719 mortuo,
1486 1681 1516 1711 in
1536 1681 1630 1719 ipsum
1650 1681 1761 1712 defere-

80 1741 188 1779 batur,
219 1750 270 1779 per
306 1750 325 1777 4
357 1752 468 1780 annos,
501 1752 570 1780 quos
603 1747 704 1781 postea
731 1741 821 1780 vixit,
851 1752 885 1772 ac
917 1741 952 1771 de
985 1751 1020 1771 ea
1043 1750 1176 1779 quoque,
1211 1741 1294 1771 edita
1323 1740 1528 1772 Grammatica
1550 1751 1639 1780 supra
1662 1741 1760 1780 laud.,

81 1800 202 1831 meritus
233 1805 287 1832 est.
352 1801 397 1831 De
439 1814 576 1831 ummo
612 1802 670 1833 vid.
699 1813 843 1832 summm.
875 1801 894 1831 l.
925 1801 945 1831 l.
974 1800 1008 1839 1,
1042 1811 1071 1839 p.
1105 1812 1161 1831 102
1190 1805 1218 1831 et
1254 1800 1301 1838 11,
1339 1811 1368 1839 p.
1405 1811 1463 1839 12,
1500 1803 1557 1839 15,
1593 1811 1651 1832 102
1682 1811 1762 1840 seq.;

82 1860 111 1889 in
144 1860 244 1898 primis
273 1870 341 1892 vero
371 1873 402 1891 o.
431 1873 455 1892 1.
486 1873 591 1892 vossu
625 1864 735 1891 Oratio
757 1864 790 1891 in
812 1863 926 1891 obitum
947 1872 1097 1899 runnu,
1119 1861 1153 1891 L.
1173 1860 1207 1890 B.
1232 1863 1313 1891 1625
1336 1867 1402 1898 [μῦς
1425 1870 1520 1899 quae,
1545 1860 1630 1891 bodie
1649 1861 1764 1893 rarissi-

83 1931 151 1959 ma,
183 1920 262 1951 haud
292 1931 387 1960 pauca
417 1920 571 1960 continet,
607 1920 751 1960 plerisque
782 1931 861 1951 nunc
893 1930 998 1959 parum
1027 1920 1154 1959 cognita.
1198 1919 1312 1950 Exinde
1332 1930 1360 1951 v.
1381 1930 1408 1952 e.
1436 1920 1587 1960 videmus,
1615 1931 1763 1960 quaenam

84 1992 240 2020 rnrrmr,
265 1981 324 2013 vivi
346 1981 459 2020 etiam,
489 1981 614 2012 nominis
637 1986 712 2012 esset
735 1980 901 2012 celebritas.
946 1980 1044 2018 Quam
1064 1990 1132 2010 cum
1153 1979 1207 2011 sibi
1229 1980 1287 2010 iam
1310 1991 1483 2019 comparare
1505 1982 1681 2023 incepisset,
1704 1983 1764 2014 Pa-

82 2041 157 2072 risiis
176 2051 297 2073 versans
320 2060 357 2065 —
379 2041 429 2072 ubi
450 2051 518 2072 cum
538 2041 638 2072 multis
661 2041 736 2073 Vir1s
757 2041 859 2072 Doctis
874 2040 1032 2071 amicitiam
1056 2040 1140 2079 iniit,
1164 2040 1194 2070 in
1215 2040 1259 2072 his
1278 2050 1346 2071 cum
1367 2040 1479 2072 duobus
1502 2041 1654 2073 Maronitis
1669 2067 1678 2081 ,
1702 2055 1760 2073 GA-

84 2112 199 2132 munmz
234 2113 366 2132 nomm
389 2106 418 2132 et
441 2111 581 2133 lenam-us
605 2113 785 2132 nrsnomu
799 2126 808 2140 ‚
828 2111 844 2131 e
864 2101 979 2132 Libano
997 2100 1146 2139 oriundis,
1171 2105 1241 2131 tunc
1264 2101 1404 2142 temporis
1426 2101 1574 2132 Arabicae
1597 2102 1713 2143 linguae
1733 2103 1761 2133 in

84 2161 177 2193 Acad.
193 2161 287 2193 Paris.
331 2161 568 2202 professoribus,
588 2164 630 2204 (p.
653 2164 705 2202 35)
725 2181 763 2188 --
786 2163 818 2193 in
841 2162 901 2193 dies
920 2162 972 2192 illa
994 2162 1087 2193 crevit
1107 2162 1167 2200 ita,
1198 2166 1230 2192 ut
1251 2161 1440 2192 eruditissimi
1462 2162 1569 2201 quique
1592 2173 1626 2193 ex
1646 2162 1762 2203 Europa

85 2220 221 2253 universa
241 2222 302 2254 Viri
325 2232 392 2253 eum
416 2222 531 2253 adirent
554 2222 591 2253 ad
614 2221 815 2261 difficillimas,
841 2232 858 2252 a
881 2221 999 2252 nemine
1021 2221 1200 2261 explicatas,
1233 2221 1418 2260 quaestiones
1451 2222 1605 2253 solvendas
1634 2224 1679 2263 (p.
1699 2223 1763 2262 30).

87 2280 157 2312 Eius
179 2286 278 2314 autem
302 2283 405 2314 literae
429 2282 599 2322 Arabicae,
621 2282 657 2313 ad
682 2281 893 2324 Imperatorem
906 2281 1114 2313 Maroccanum
1137 2281 1263 2320 missae,
1277 2292 1345 2312 eum
1368 2281 1436 2312 huic
1461 2287 1615 2323 tantopere
1633 2282 1762 2323 placuis-

85 2345 171 2381 sent,
202 2346 235 2372 ut
265 2342 395 2374 animum
426 2343 516 2382 ipsius
548 2347 641 2373 totum
661 2342 714 2373 sibi
741 2342 903 2373 devinciret
927 2344 970 2383 (p.
990 2342 1063 2381 33),
1088 2346 1204 2372 nostrae
1224 2341 1359 2374 Civitatis
1382 2342 1545 2381 Proceres,
1581 2342 1626 2374 his
1646 2342 1760 2374 cunctis

86 2399 210 2440 cognitis
221 2423 231 2440 ,
267 2410 333 2432 eum
361 2407 500 2434 crearunt
535 2402 751 2441 Epistolarum,
786 2412 857 2441 quas
876 2412 911 2433 ex
933 2401 1004 2433 AsIa
1024 2406 1053 2432 et
1075 2400 1178 2433 Africa
1200 2401 1394 2442 acciperent,
1417 2402 1611 2440 interpretem
1635 2404 1678 2443 (p.
1699 2404 1765 2443 36).

1510 2461 1534 2496 7
