2196 2950
360 163 402 197 'tO
830 161 875 193 Τ.
940 161 987 193 G.
1054 160 1081 193 Ι.
1147 160 1579 196 IUYNBOLL

359 277 500 310 debuit!
566 275 607 308 In
647 274 771 319 primis
811 284 897 307 vero
933 279 1126 318 postquam
1165 275 1238 307 suis
1273 275 1352 320 ipse
1385 274 1568 309 laboribus
1594 273 1769 308 utilitates
1795 280 2038 320 perceperat,

362 353 453 386 quac
490 340 614 373 exinde
653 340 689 372 in
728 338 935 383 linguarum
975 339 1158 371 scientiam
1195 340 1430 385 gentiumque
1463 341 1647 375 historiam
1674 345 1855 374 emanant.
1907 340 2043 373 Honss-

363 419 437 441 amr
481 418 516 439 r.
554 418 587 449 g.
627 404 802 438 dilexerat
852 416 993 449 semper
1041 410 1077 437 et
1109 404 1305 438 admiratus
1346 411 1447 449 erat,
1491 417 1646 450 cumque
1685 416 1905 439 Burrnmxxo
1941 405 2043 439 vide-

360 477 439 513 rat,
483 470 747 502 Grammaticos
782 470 819 501 in
860 480 901 502 eo
940 469 1214 513 interpretando
1250 481 1324 503 non
1363 470 1589 514 satisfacere,
1632 483 1751 516 neque
1777 475 1883 504 etiam
1909 470 2043 503 erroris

361 548 436 569 csse
485 537 675 568 immunes.
737 535 778 566 In
821 534 958 567 Iudicas
1001 540 1123 566 autem
1168 533 1476 580 Germanicasque
1516 536 1658 580 linguas
1705 536 1916 580 inquirens,
1958 535 2044 579 quid

361 603 611 635 Grammaticis
655 601 769 642 desit,
825 612 907 632 cum
961 601 1118 644 antiquis
1159 601 1349 644 omnibus,
1404 607 1483 634 tum
1529 601 1791 635 recentioribus
1834 601 2042 646 plerisque,

361 666 677 712 praestantissimis
706 666 917 709 ceteroquin
949 664 1058 697 huius
1093 665 1228 699 Poe'tae
1266 665 1556 711 interpretibus,
1597 666 1785 711 perspicit.
1838 664 2045 697 hlultorum

362 745 471 778 porro
519 731 763 764 Troianorum
806 731 991 763 nominum
1030 731 1208 764 rationem
1247 731 1416 776 intelligit
1463 737 1499 764 et
1537 730 1690 764 Troiani
1713 731 1830 775 Regni
1860 729 2047 763 historiam

365 799 584 831 luculentius
621 799 753 842 exponi
786 809 892 842 posse
930 797 1196 831 animadvertit.
1248 796 1492 841 Explicantur
1523 796 1678 839 denique
1709 794 1884 829 vocabula
1906 794 2047 828 Graeca

364 870 398 896 ct
439 864 602 896 Romana
648 863 833 905 obsoleta,
880 863 934 896 vis
985 862 1276 907 particularum,
1318 861 1490 896 universa
1532 860 1765 893 construendi
1808 860 1926 902 ratio,
1959 860 2051 901 alia,

366 941 457 973 quae
494 928 646 961 Veteres
684 929 753 973 ipsi
793 929 1030 973 ignorarunt,
1060 927 1176 972 pulsis
1207 927 1391 970 tenebris,
1429 925 1619 959 manifesta
1649 930 1840 970 apparent.
1907 924 2050 968 Quibus

365 997 565 1039 ceterisque
591 995 700 1027 huius
731 995 871 1039 generis
904 993 1214 1038 disquisitionibus
1247 993 1275 1026 si
1308 993 1420 1026 insint
1456 991 1686 1026 festinantius
1724 991 1969 1035 audaciusque
1993 990 2052 1023 di-

366 1067 444 1103 cta,
480 1061 565 1094 haec
596 1061 805 1093 indicentur
835 1060 980 1094 omnino
1015 1071 1055 1092 ac
1089 1059 1195 1092 simul
1229 1058 1273 1092 ab
1303 1070 1429 1092 earum
1465 1069 1589 1091 rerum
1624 1057 1758 1091 Peritis
1791 1057 2048 1098 emendentur,

367 1128 426 1159 scd
472 1125 513 1159 ea
564 1138 644 1159 cum
685 1127 931 1169 humanitate,
961 1137 1055 1170 quae
1091 1125 1282 1168 omnibus,
1318 1125 1516 1170 praecipue
1557 1122 1699 1168 Magnis
1732 1121 1857 1165 Viris,
1894 1128 1930 1156 et
1966 1133 2052 1156 vero

369 1198 451 1237 post
477 1192 551 1226 sata
584 1193 707 1225 iisdem
746 1192 911 1225 debetur.

414 1258 586 1290 Rationes
603 1283 612 1299 ,
650 1269 738 1301 quas
777 1258 811 1290 in
846 1257 900 1289 his
931 1256 1065 1289 Studiis
1089 1255 1245 1289 colendis
1277 1266 1497 1289 HAMAKERUS
1517 1254 1738 1300 sequebatur
1756 1279 1766 1296 ,
1786 1254 1863 1286 ‘non
1886 1265 1959 1286 uno
1982 1265 2053 1286 no·-

367 1324 461 1356 minc
497 1323 755 1367 praedicandae
786 1327 884 1355 sunt.
936 1320 1182 1366 Abripiuntur
1210 1321 1376 1354 nonnulli
1411 1323 1538 1354 insano
1560 1321 1767 1365 linguarum
1793 1319 2054 1364 comparanda-

370 1400 451 1420 rum
500 1387 649 1429 surore,
696 1388 815 1432 iique,
863 1387 964 1420 nullo
1003 1387 1133 1419 iudicio
1175 1387 1358 1430 adhibito,
1399 1397 1534 1419 meram
1562 1397 1735 1419 sonorum
1769 1385 2054 1418 convenientiam

371 1459 567 1485 scetantur.
621 1453 677 1485 Ab
706 1452 906 1485 istiusmodi
944 1453 1089 1497 ineptiis
1117 1457 1192 1484 toto
1222 1453 1339 1485 animo
1379 1452 1617 1495 abhorrebat,
1656 1452 1903 1495 acerrimeque
1929 1451 1966 1483 in
1992 1462 2056 1483 ea·-

371 1531 450 1552 rum
490 1518 673 1552 Studiosos
713 1519 962 1553 invehebatur.
1015 1518 1063 1550 Et
1095 1519 1176 1551 iure
1214 1518 1371 1562 quidem.
1423 1518 1480 1550 Sic
1514 1518 1607 1550 enim
1641 1516 1839 1549 sexcenties
1867 1515 2054 1557 fallimur3

371 1586 420 1616 sic.
467 1590 735 1628 componuntur
774 1584 914 1625 aliena3
959 1595 1000 1616 ea
1045 1595 1154 1626 vero,
1193 1595 1286 1628 quae
1326 1584 1562 1626 interiorem,
1600 1594 1666 1616 nec
1700 1583 1820 1615 statim
1852 1587 2054 1627 patentem,

371 1651 616 1693 cognationem
651 1649 807 1691 habent,
849 1649 956 1692 vulgo
990 1649 1223 1681 omittuntur.
1275 1648 1489 1681 Doctrinam
1512 1649 1555 1681 (Ie
1583 1648 1702 1681 literis
1726 1646 1826 1690 (rffi'ni
1851 1659 1936 1680 sorm
1962 1648 2058 1681 inter

373 1728 408 1747 se
454 1715 681 1759 permutatis
720 1716 863 1748 minime
898 1714 1153 1759 vituperabat,
1187 1719 1230 1747 ut
1258 1725 1323 1746 suo
1354 1714 1432 1758 ipsc
1466 1713 1629 1758 exemplo
1661 1712 1852 1758 probavit,
1889 1713 1950 1745 scd
1985 1725 2056 1745 non

372 1780 510 1813 serebat
545 1781 701 1813 ciusdcm
737 1780 903 1813 abusum.
955 1780 1120 1822 Cuncta,
1160 1778 1294 1821 verbo,
1330 1785 1371 1811 ut
1400 1778 1503 1812 firmo
1537 1779 1798 1812 Grammaticos
1825 1778 2058 1811 fundamento

372 1852 745 1890 superstrucrcntur,
785 1857 928 1878 necesse
979 1856 1082 1887 esse,
1130 1843 1388 1877 arbitrabatur.
1454 1844 1558 1877 Hanc
1589 1856 1752 1878 normam
1789 1844 1855 1877 sibi
1887 1850 2059 1889 posuerat

377 1912 410 1943 in
451 1912 602 1945 aliorum
633 1911 815 1944 laboribus
852 1911 1110 1953 diiudicandis,
1138 1909 1251 1954 ezique
1287 1911 1323 1943 in
1358 1922 1397 1943 re
1420 1915 1585 1944 versatus
1611 1916 1766 1943 osteum
1795 1910 1947 1943 mirabili
1972 1922 2060 1956 pro-

379 1979 468 2011 sccto
509 1979 638 2011 harum
670 1989 794 2010 rerum
822 1977 978 2022 peritia,
1025 1987 1090 2008 nec
1122 1976 1198 2008 sinc
1218 1975 1340 2008 iudicii
1371 1976 1564 2019 aequitate.
1626 1974 1867 2020 Improbauda
1893 1975 2062 2007 emenda-—

380 2058 441 2087 rc,
489 2045 673 2090 probanda
716 2045 809 2076 iuste
838 2044 1011 2085 laudare3
1051 2054 1150 2075 suam
1188 2041 1332 2086 quidem
1362 2042 1440 2086 ipse
1475 2041 1593 2083 viam,
1626 2052 1726 2074 more
1753 2052 1839 2083 suo,
1869 2040 1994 2084 sequi,
2025 2046 2061 2072 at

381 2111 466 2154 quid
497 2110 573 2142 aliis
611 2109 780 2151 dcbcrct,
818 2110 972 2153 ingenue
1010 2109 1117 2141 etiam
1155 2105 1320 2152 profiteri
1355 2105 1504 2139 solebat.
1558 2105 1736 2139 Omnibus
1775 2106 1860 2138 haec
1893 2106 2064 2138 innotue-

383 2181 493 2217 runt,
537 2175 598 2218 qui
639 2174 681 2206 dc
726 2185 907 2217 ommno,
960 2184 1112 2215 ssoPmo,
1151 2183 1338 2215 BECKERO,
1380 2183 1611 2215 scnnnnrns,
1659 2182 1808 2213 Porno,
1843 2170 1948 2212 aliis,
1988 2182 2064 2214 pu·-

384 2242 472 2273 biice
515 2240 757 2284 privatimque
795 2251 877 2272 cum
912 2239 1119 2284 loquentem
1149 2237 1366 2271 audiverint.
1402 2257 1448 2263 —
1475 2238 1583 2281 Quod
1620 2243 1741 2270 autem
1776 2237 1813 2269 in
1846 2235 1971 2280 Anglis
2006 2242 2064 2269 at—

365 2303 454 2350 'quc
497 2305 637 2348 Gallis,
683 2306 770 2348 quin
816 2306 850 2337 in
898 2305 1166 2338 Germanorum
1207 2303 1416 2347 principum
1453 2303 1629 2336 Virorum
1664 2302 1847 2347 plerisque
1882 2301 2066 2334 desidera-

388 2372 469 2415 bat,
507 2372 573 2404 hoc
609 2376 712 2413 erat,
745 2370 839 2414 quod
874 2371 909 2402 in
930 2371 1059 2403 harum
1078 2370 1283 2414 linguarum
1305 2369 1572 2413 comparatione
1593 2372 1758 2401 nostram
1784 2367 1951 2412 linguam
1979 2367 2064 2400 vul—

390 2450 430 2479 go
466 2437 711 2481 negligerent.
757 2442 819 2469 aut
860 2447 930 2468 non
978 2437 1124 2480 penitus
1161 2435 1360 2479 cognitam,
1407 2446 1598 2480 perperam
1654 2434 1796 2479 saepius
1843 2433 2062 2467 adhiberent.
