2196 2950
353 163 375 192 S
825 156 870 188 Τ.
932 156 980 187 G.
1048 155 1076 188 I.
1142 154 1578 187 IUYNBOLL

401 275 466 306 Est
518 283 631 304 annus
664 268 830 312 circiter,
870 267 937 301 A.!
978 279 1022 301 ex
1060 280 1132 313 quo
1161 268 1432 301 dilectissimum
1462 267 1553 300 illud
1590 266 1888 310 carissimumque
1920 278 2049 301 mnu-

355 351 439 373 πει-’,1η
482 342 591 381 capnt
630 335 901 377 desideramus,
952 334 1012 367 sed
1052 334 1189 367 illatam
1221 333 1321 367 nobis
1357 333 1466 366 huius
1505 338 1621 366 morte
1657 331 1818 374 cladem,
1862 343 1933 376 quo
1966 344 2047 365 sae-

355 407 434 450 pius
466 408 622 447 reputo,
663 414 703 434 eo
731 402 935 445 graviorem
970 412 1048 434 esse
1080 400 1251 433 arbitror.
1305 399 1450 432 Etenim
1479 404 1657 443 quantum
1690 398 1816 431 exinde
1844 398 2047 430 detrimenti

355 469 490 514 ceperit
519 467 728 500 Literarum
765 465 995 511 respublica,
1039 471 1217 510 quantum
1253 463 1400 497 Literae
1437 464 1483 497 O.
1526 464 1572 497 O.
1590 489 1600 507 ‚
1647 470 1821 508 quantum
1858 463 2047 497 Academia

356 534 565 576 ltieidcnsis,
603 538 780 577 quantum
827 532 903 564 eius
938 530 1142 576 Discipuli,
1170 531 1207 563 in
1235 531 1351 574 iisque
1383 531 1461 575 ipse
1488 541 1574 574 ego,
1613 530 1732 564 verbis
1761 530 1944 563 declarare
1982 541 2048 562 ne—

354 612 460 644 queo,
526 599 568 630 In
606 599 671 631 hac
703 597 935 641 cogitatione,
975 597 1042 629 etsi
1080 608 1136 629 ine
1169 596 1405 629 commoventi
1440 607 1584 640 semper
1615 607 1657 628 ac
1692 596 1924 640 perturbanti
1965 607 2050 629 ver-

355 678 414 698 sor
462 671 580 697 tamen
618 663 847 708 saepissime,
886 661 1108 706 eademque,
1150 662 1318 706 quoties,
1346 671 1440 704 quae
1474 660 1708 705 Praeceptori
1742 660 1876 703 debeo,
1912 673 2049 694 summa

355 731 473 763 omnia
504 729 590 761 mihi
622 732 897 772 repraesentat,
934 727 1063 770 toties,
1097 732 1139 759 ut
1172 727 1346 769 exsistat,
1383 727 1446 770 qui
1473 726 1654 770 elogium,
1685 732 1785 760 tanto
1800 727 1961 771 ‘dignum
1980 727 2051 761 Vi-

355 809 419 838 ro,
455 795 555 828 nobis
604 794 805 838 largiatur,
858 798 944 838 opto
981 793 1163 825 ardenter.
1229 791 1337 833 Quod
1363 792 1502 824 etiamsi
1536 791 1614 824 aliis
1653 792 1949 825 conscribendum
1988 804 2050 825 re-

354 863 505 906 linquo,
543 862 673 903 immo,
709 871 787 892 mea
823 864 951 904 utpote
989 869 1061 892 non
1097 858 1313 900 voluntate,
1354 857 1416 890 sed
1447 856 1621 890 facultate
1647 858 1815 901 gravius,
1842 858 2048 902 relinquere

354 939 482 971 cogor,
521 927 635 958 altum
672 931 788 958 tamen
827 924 870 957 de
910 923 1088 968 Magistro
1122 923 1354 957 dilectissimo
1390 923 1573 956 silentium
1618 923 1836 967 observare,
1875 936 1916 957 ac
1941 925 1984 957 de
2010 936 2050 958 eo

354 992 551 1034 nonnulla,
606 991 875 1035 qualiacunque
917 989 1088 1033 tandem,
1137 990 1203 1022 hac
1246 990 1522 1035 opportunitate
1569 1001 1637 1034 pro
1684 990 1772 1023 meis
1807 989 1947 1024 viribus
1979 1001 2050 1023 non

355 1059 473 1091 dicere
491 1083 500 1100 ,
535 1069 653 1101 neque
687 1068 858 1101 possum,
896 1067 1015 1099 neque
1041 1055 1127 1088 sinit
1151 1055 1261 1088 animi
1285 1056 1455 1100 impetus.
1508 1054 1562 1088 Ac
1588 1055 1751 1100 profecto
1778 1055 1890 1098 urbs,
1918 1057 1954 1089 in
1980 1067 2051 1100 qua

353 1123 555 1156 habitamus
571 1148 580 1166 ,
618 1122 742 1164 aedes,
783 1132 875 1166 quae
901 1133 965 1154 nos
991 1121 1095 1154 hodie
1121 1121 1332 1167 coniungit,
1359 1121 1483 1164 locus,
1511 1132 1556 1154 ex
1582 1133 1654 1165 quo
1680 1120 1792 1155 verba
1816 1121 1906 1154 facio
1923 1146 1933 1164 ,
1968 1133 2051 1155 mu-

356 1201 447 1231 nus,
484 1201 556 1233 quo
596 1187 753 1232 fungor,
794 1185 971 1219 Vestrum
1005 1186 1245 1230 quorumdam
1281 1199 1409 1230 voces,
1449 1186 1518 1220 A.!
1558 1199 1624 1220 sua
1650 1192 1777 1231 sponte
1803 1187 1889 1219 haec
1914 1198 1970 1219 me
1995 1188 2054 1219 in-

356 1256 498 1297 vitant,
536 1254 708 1298 adigunt,
746 1252 993 1297 compellunt,
1026 1257 1068 1284 ut
1101 1252 1210 1285 hocce
1238 1254 1325 1286 mihi
1357 1253 1485 1297 eligam
1521 1258 1789 1297 argumentum.
1843 1253 1927 1295 Quo
1967 1253 2052 1285 nul-

356 1321 433 1354 lum
465 1321 571 1353 eiiam
613 1330 707 1352 nunc
746 1318 832 1351 mihi
876 1323 930 1350 est
960 1318 1124 1362 gratim,
1166 1319 1309 1352 nullum
1338 1318 1503 1364 profecto
1527 1318 1718 1361 omnibus,
1758 1323 1939 1362 quotquot
1973 1317 2053 1351 De-

357 1386 472 1419 functi
508 1385 717 1418 memoriam
743 1384 885 1427 colant,
926 1385 1001 1417 sine
1039 1383 1147 1417 dubio
1189 1385 1386 1430 acceptius.
1453 1383 1623 1417 Vestram
1660 1384 1764 1417 modo
1804 1383 2055 1418 benevolenti-

358 1465 437 1495 am,
476 1453 539 1485 A.!
578 1453 703 1485 invoco
739 1456 849 1495 atque
883 1450 1050 1495 imploro.
1111 1450 1240 1484 Dicam
1269 1452 1312 1484 de
1348 1461 1506 1484 HENRICO
1540 1461 1700 1484 Annxrro
1718 1459 1945 1493 unianimo,
1971 1455 2054 1482 stu-

359 1520 412 1551 dii
440 1519 659 1551 Literarzcm
689 1518 731 1550 Ο.
764 1517 807 1550 O.
836 1517 873 1549 in
898 1516 1038 1550 1)(ιίνὶιί
1064 1518 1192 1550 nostr-ci
1219 1517 1359 1551 vindice
1376 1516 1589 1561 praeclaro.

409 1716 465 1749 Ab
506 1728 547 1749 eo
593 1717 672 1749 inde
723 1722 912 1761 ternpore,
958 1727 1030 1760 quo
1074 1715 1207 1750 Proavi
1243 1717 1356 1749 nostri
1394 1716 1658 1749 institutionem
1696 1714 1877 1760 publicam
1915 1713 2055 1748 Acade-

362 1783 440 1814 miis
487 1782 677 1815 condendis
724 1781 1029 1825 emendaverant,
1063 1793 1145 1814 cum
1180 1781 1326 1815 Literae
1369 1781 1531 1815 Graecae
1564 1787 1600 1813 et
1636 1780 1787 1814 Latinae
1818 1787 1897 1814 tum
1929 1780 1976 1814 O.
2006 1782 2051 1813 O.

361 1859 433 1880 non
470 1848 572 1880 modo
611 1848 801 1892 diligenter
833 1853 868 1880 et
897 1852 1076 1892 perpetuo
1111 1859 1133 1880 a
1163 1846 1396 1881 Nostratibus
1431 1847 1666 1890 colebantur,
1706 1847 1767 1880 sed
1801 1848 1930 1889 etiam,
1961 1847 2055 1890 quod

364 1913 491 1946 Extcri
519 1911 764 1957 profitentur,
806 1913 941 1946 harum
983 1925 1128 1958 quoque
1167 1915 1266 1947 sedes
1297 1914 1496 1959 praecipua
1525 1924 1592 1958 per
1621 1913 1769 1957 longum
1805 1918 1949 1957 tempus
1983 1911 2057 1944 Pa-

364 1980 436 2012 tria
473 1985 597 2012 nostra
636 1979 716 2012 suit.
782 1979 888 2013 Initio
930 1979 981 2012 illi
1025 1980 1063 2012 in
1099 1980 1153 2013 his
1188 1980 1355 2013 docendis
1390 1981 1568 2013 rationem
1604 1978 1876 2024 sequebantur,
1913 1978 2057 2010 minime

365 2046 507 2089 quidem
539 2045 783 2089 probandam,
825 2051 862 2078 at
899 2046 1004 2078 unico
1041 2051 1130 2078 tunc
1169 2051 1374 2091 receptam,
1411 2046 1615 2088 rationem,
1651 2044 1758 2088 volo,
1797 2044 2056 2088 Magistrorum

368 2111 615 2153 Iudaicorum,
651 2111 809 2155 linguam
849 2110 1067 2144 Hebraicam
1099 2123 1143 2144 cx
1171 2112 1254 2145 solis
1291 2111 1482 2145 Hebraicis
1518 2118 1554 2145 et
1583 2122 1776 2157 perperam
1809 2111 1959 2154 insuper
1991 2120 2058 2142 ex-

369 2178 596 2223 plicantium.
658 2176 739 2209 Non
786 2183 904 2210 tamen
942 2178 1090 2210 deerant
1124 2176 1227 2219 Viri,
1262 2178 1390 2210 melius
1426 2179 1632 2223 sapientes,
1667 2182 1702 2209 et
1746 2177 1819 2210 suis
1849 2175 2058 2220 aequalibus

370 2244 484 2276 multo
530 2244 739 2288 sagaciores.
801 2243 843 2276 In
878 2244 931 2276 his
970 2254 1140 2277 1osm²nus
1173 2253 1295 2276 wsrvs
1322 2252 1521 2286 serame-ren,
1548 2249 1584 2276 et
1615 2252 1766 2275 DRUsms
1798 2246 1942 2283 noster,
1980 2242 2060 2285 pri-

372 2321 469 2342 mum
517 2309 898 2353 Lugduno—-Batavae
917 2335 925 2351 ‚
977 2309 1103 2342 deinde
1153 2309 1332 2342 Frisiacae
1368 2307 1578 2343 Academiae
1609 2313 1860 2340 ornamentum
1894 2306 2059 2352 praecla-

376 2387 468 2407 rum.
533 2376 641 2408 Brevi
675 2381 822 2417 autem,
856 2375 970 2409 medio
1006 2375 1149 2408 circiter
1184 2375 1303 2408 seculo
1338 2376 1490 2419 septimo
1523 2375 1686 2416 decimo,
1716 2383 1809 2407 nova
1837 2373 1946 2406 huius
1979 2378 2059 2405 stu-

376 2441 421 2472 dii
466 2441 592 2485 incipit
641 2442 821 2486 periodus.
883 2440 1059 2475 Hebraica
1112 2443 1230 2475 minus
1267 2447 1469 2485 curantur,
1517 2441 1577 2474 sed
1616 2450 1770 2474 ERPENIO
1811 2446 1845 2473 et
1883 2448 1991 2472 como
2026 2438 2062 2469 in
