2196 2950
622 120 1322 158 ΑΝΝΟΤΑΤΙΟ.
1779 130 1824 165 73

130 233 275 264 ratissime
306 241 340 263 ex
373 232 443 263 God.
473 232 554 262 Leid.
577 233 767 265 adumbravit
788 239 889 276 postea
912 248 1084 266 caussmus
1107 236 1196 276 (Not.
1214 241 1244 267 et
1265 236 1348 267 Extr.
1366 236 1442 277 Vll,
1467 249 1495 280 p.
1519 242 1556 270 16
1580 242 1690 280 seqq.).
1713 260 1750 266 —
1774 243 1818 273 D:

133 303 167 322 eo
199 297 354 333 praeterea
389 292 511 330 aliisque
544 293 704 333 praeclaris
739 292 872 323 Arabum
904 294 1087 325 Astronomis
1118 295 1231 335 copiose
1254 297 1412 336 exposuit,
1438 298 1488 336 qui
1512 309 1584 339 prae
1614 302 1719 332 ceteris
1740 303 1821 341 lega-

133 356 201 390 tur,
217 363 386 382 nummum:
400 375 409 390 ‚
432 354 521 381 Hist.
542 353 580 381 de
604 353 827 381 l’Astronomie
850 354 895 381 du
916 355 1032 392 Moyen
1052 355 1123 393 Age
1146 353 1230 384 Paris
1253 358 1329 395 1819
1350 363 1407 394 40,
1431 367 1498 387 cum
1524 358 1554 388 in
1580 359 1674 400 praef.
1694 362 1821 401 passim,

128 416 191 442 tum
213 411 386 453 praesertim
411 421 439 451 p.
467 420 596 450 1—190.
620 426 657 432 —
681 409 725 441 Ex
747 413 942 441 Medicorum
954 411 1101 452 Operibus
1122 423 1145 443 s.
1165 424 1193 442 r.
1218 425 1239 442 ι.
1265 425 1387 444 nAvms
1410 415 1514 453 Operis
1536 427 1589 448 IBN
1608 431 1796 452 uxr-ascum
1811 449 1819 462 ,

127 472 203 511 quod
237 477 324 502 antea
354 473 449 502 totum
482 470 570 501 edere
599 470 802 510 cogitaverat,
834 470 981 512 Excerpta
1003 471 1093 502 edidit
1119 473 1130 512 ζ
1136 474 1313 513 Descriptio
1332 481 1362 503 et
1384 477 1545 516 Excerpta
1569 480 1642 508 libri
1663 482 1816 512 Alimedis

133 534 304 566 Teifasclzii
339 532 376 560 de
405 533 536 571 gemmis
571 538 601 560 ec
631 532 790 570 lapidibus
817 535 984 571 pretiosis,
1016 531 1100 561 Trai.
1139 541 1215 572 1774
1248 535 1316 571 40).
1361 532 1424 564 Iam
1444 539 1533 565 aulea
1559 548 1706 569 REISKIUS
1728 540 1763 570 L·
1783 540 1819 570 B·

130 593 206 632 1746
235 590 368 621 ediderat
387 593 614 620 Miscellaneas
646 593 766 631 aliquot
803 593 1030 621 obseruationes
1064 593 1208 621 Medicas
1235 605 1272 622 ex
1292 595 1438 623 Arabum
1464 597 1617 635 Scriptis,
1644 603 1747 628 auctas
1766 610 1818 640 po.

125 656 188 682 slea
222 651 276 682 sub
311 650 416 681 titulo:
442 653 603 691 Opuscnla
633 653 762 680 Medica
788 663 824 680 ex
859 654 1062 681 monumentis
1087 653 1238 682 Arabicis
1270 652 1300 682 in
1328 653 1373 683 ed.
1399 665 1552 684 GRUNERI.
1595 655 1660 687 Vid.
1683 670 1817 694 wama,

130 713 260 749 Sclzets,
296 710 315 739 l.
335 710 354 739 l.
385 721 412 750 p.
433 712 502 750 187.
526 726 567 732 —
592 709 637 740 De
658 709 778 750 Opera,
801 710 838 740 ab
860 710 1009 741 Arahibus
1029 710 1059 740 in
1081 712 1208 741 Cliemia
1226 719 1257 741 et
1275 714 1363 741 Hist.
1386 716 1544 744 Naturali
1566 715 1678 756 posita,
1705 717 1734 747 in
1756 719 1816 758 pri—

126 771 180 801 mis
213 769 350 800 audiatur
380 769 551 809 praeclarus
581 768 686 799 harum
714 779 813 799 rerum
844 769 929 799 iudex
967 782 996 800 u.
1020 782 1211 800 soennmvz:
1249 773 1430 810 (Elementa
1454 774 1597 804 Chemiae
1619 775 1654 805 L.
1674 775 1709 806 B.
1736 782 1814 817 1732

126 835 176 869 40,
207 829 241 867 I,
273 840 302 870 p.
329 833 365 860 15
388 829 474 868 seq.).
496 841 521 859 s.
546 841 570 858 1.
592 839 797 860 BRUGMANSIO
821 833 920 860 autem
944 829 985 860 ita
1006 829 1061 860 suit
1081 840 1271 871 persuasum,
1302 832 1435 863 Arabum
1457 833 1574 874 Scripta
1596 834 1675 864 haud
1696 846 1811 876 pauca,

124 890 169 921 his
205 889 377 930 Disciplinis
408 889 573 919 excolendis
594 889 712 928 cognitu
738 889 844 928 digna,
875 889 1053 930 complecti,
1087 895 1118 920 ut
1151 890 1312 922 Arabicam
1351 892 1480 931 linguam
1513 893 1623 924 discere
1647 894 1809 943 inceperit,

124 950 161 980 ab
191 950 310 988 eiusque
331 949 427 980 studio
448 949 511 980 aliis
533 954 649 979 tantum
670 949 910 990 occupationibus
933 954 1034 991 postea
1054 955 1195 982 avocatus
1208 951 1256 982 sit.
1300 951 1363 983 vid.
1384 952 1428 983 (ΣΙ.
1453 965 1484 983 u.
1507 966 1533 983 c.
1553 964 1619 984 vax<
1642 968 1702 987 mm
1726 969 1809 987 noos

122 1022 227 1041 nescu
241 1033 250 1048 ,
276 1012 411 1048 Lofrede
425 1022 461 1050 op
487 1011 554 1039 Seh.
571 1011 652 1039 Iust-
674 1012 856 1050 Brugmans
870 1033 879 1048 ‚
902 1020 931 1050 p.
951 1013 1021 1042 133.

162 1069 197 1099 P.
220 1072 269 1101 36.
292 1069 343 1099 lin.
366 1073 395 1100 8.
451 1072 587 1110 Campus
617 1074 755 1111 profecto
792 1078 901 1101 vastus
934 1087 976 1093 —
1007 1075 1078 1101 ausi
1106 1075 1251 1109 fuerant.
1306 1073 1385 1104 Inter
1418 1073 1539 1105 Exteros
1570 1085 1597 1106 v.
1630 1086 1658 1107 c.
1688 1076 1809 1108 suerunt

122 1141 313 1162 mmm-nnus
339 1132 463 1171 (Opera
487 1134 590 1160 omnia
610 1130 692 1161 Trai.
717 1140 794 1171 1704
817 1129 876 1171 40)
905 1135 951 1168 et,
981 1131 1029 1169 qui
1052 1131 1190 1162 Veterum
1214 1132 1370 1164 Persarum
1392 1134 1496 1164 Libros
1515 1134 1620 1165 Sacros
1639 1137 1740 1166 seculo
1760 1148 1810 1168 su-

119 1191 232 1232 periore
264 1190 451 1229 interpretari
476 1200 628 1229 aggressus
662 1195 727 1228 est,
759 1201 988 1226 ANQUETILIUS.
1034 1194 1166 1221 Persica
1191 1191 1260 1222 olim
1285 1202 1302 1222 a
1322 1192 1510 1225 Nostratibus
1529 1204 1587 1225 non
1607 1195 1721 1225 intacta
1740 1197 1810 1226 reli-

116 1255 165 1281 cta
193 1260 276 1288 esse,
307 1253 456 1280 testantur
488 1260 556 1280 eum
589 1251 750 1279 Gentiana
785 1251 886 1279 Saddi
920 1250 1097 1279 Gulistanis
1120 1250 1208 1280 editio
1232 1254 1325 1289 (quae
1343 1252 1449 1292 prodiit
1469 1253 1564 1284 Amst.
1589 1257 1667 1286 1655
1687 1255 1756 1294 f0¹.;
1778 1262 1807 1288 et

120 1311 212 1342 latine
245 1321 312 1341 cum
347 1309 423 1340 notis
461 1314 489 1340 et
524 1309 622 1349 figuris
657 1309 731 1341 ibid.
761 1311 839 1340 1682
865 1309 950 1348 120),
976 1314 1039 1340 tum
1059 1310 1182 1341 aliorum
1203 1312 1293 1342 etiam
1317 1313 1544 1345 lucubrationes.
1587 1314 1622 1345 In
1641 1315 1686 1346 his
1704 1326 1809 1347 receu-

120 1375 242 1402 seantur
268 1381 443 1402 WAnNEnus
479 1371 733 1410 (Proverbiorum
764 1373 963 1400 Persicorum
996 1372 1147 1400 centuria
1181 1375 1310 1402 collecta
1341 1381 1370 1402 ct
1393 1377 1530 1404 versione
1554 1379 1693 1416 notisque
1715 1379 1807 1407 illus-

117 1439 214 1460 trata.
237 1429 271 1460 L.
293 1430 328 1460 Β.
355 1432 434 1465 1644
459 1433 531 1468 4⁰).
566 1442 594 1460 L.
617 1441 734 1460 D1Evus
766 1431 819 1470 (DE
851 1439 928 1459 mnu
954 1432 1145 1461 Rudimenta
1165 1434 1292 1472 linguae
1313 1437 1472 1464 Persicae.
1515 1437 1680 1466 Accedant
1703 1448 1721 1467 2
1738 1441 1807 1477 pri-

118 1503 173 1520 ora
207 1503 298 1530 capp.
326 1491 474 1519 Geneseos
507 1501 543 1518 ex
575 1492 706 1519 Persica
740 1491 950 1518 translatione
985 1491 1092 1519 Iacchi
1130 1494 1277 1527 Tawusi,
1301 1491 1335 1521 L.
1359 1491 1393 1522 Β.
1416 1495 1495 1534 1639
1521 1500 1558 1530 40
1575 1518 1583 1533 ‚
1608 1500 1637 1525 et
1664 1499 1752 1526 Hisc.
1774 1500 1805 1526 S.

117 1553 206 1580 Petri
238 1552 364 1579 Persice
389 1557 418 1578 et
443 1552 559 1578 Latine
594 1560 663 1578 cum
696 1551 800 1584 notls;
835 1556 865 1578 et
897 1551 970 1578 hist.
994 1551 1130 1588 Christi,
1165 1553 1291 1580 Persice
1315 1555 1491 1592 conscripta
1515 1566 1534 1582 a
1558 1557 1598 1583 P.
1620 1558 1712 1584 Hier.
1734 1558 1806 1585 Xa-

117 1612 200 1647 vier,
233 1612 331 1638 latine
363 1610 487 1638 reddita
520 1616 549 1637 et
584 1609 810 1637 animadverss.
846 1615 966 1637 notata.
998 1608 1032 1637 L.
1061 1607 1098 1637 Β.
1134 1610 1209 1648 1639
1233 1611 1306 1647 40);
1332 1623 1470 1641 mumius
1494 1614 1590 1652 (Rud.
1614 1616 1690 1654 ling.
1713 1618 1805 1644 Pers.

115 1672 272 1707 liodiern„
308 1673 368 1699 cet.
395 1668 422 1698 in
449 1670 540 1698 Dis-s.
566 1670 676 1697 Select.
700 1666 732 1696 L.
755 1665 790 1695 B.
817 1671 894 1705 1743
917 1675 952 1702 4⁰
968 1690 976 1705 ,
1001 1677 1030 1704 p.
1053 1671 1113 1707 489
1136 1668 1234 1707 seqq.)
1258 1673 1286 1699 et
1310 1681 1475 1701 RELAvas
1500 1674 1606 1712 (Orat.
1628 1676 1665 1703 de
1694 1676 1803 1714 lingua

114 1732 246 1758 Persica
279 1736 308 1758 et
337 1732 477 1768 cognatis·
498 1731 612 1757 Literis
637 1729 672 1757 Ο.
699 1729 736 1757 O.
757 1726 839 1756 Trai.
865 1738 939 1766 1701
965 1734 1023 1764 403
1047 1726 1123 1758 Diss.
1148 1730 1184 1758 de
1209 1731 1350 1769 reliquiis
1372 1735 1482 1761 veteris
1501 1734 1578 1772 ling.
1602 1736 1692 1763 Pers.
1715 1743 1744 1764 et
1766 1738 1803 1764 de

116 1790 253 1817 Persicis
286 1789 442 1816 vocabuli<
481 1788 666 1816 Talmna'is:
703 1786 777 1815 Diss.
811 1789 828 1815 8
852 1790 880 1815 et
904 1796 921 1823 9
945 1786 975 1816 in
1001 1789 1094 1816 Misc.
1113 1786 1164 1824 ll).
1210 1786 1242 1817 In
1266 1789 1366 1825 primis
1390 1802 1412 1818 1.
1436 1800 1566 1828 comus,
1591 1791 1638 1821 cui
1661 1792 1801 1825 debemus

116 1851 254 1878 Lexicon
274 1849 457 1885 Persicum,
483 1845 615 1876 Castellii
638 1845 743 1875 Lexico
766 1844 944 1883 praefixum,
977 1849 1025 1882 et,
1050 1855 1146 1883 quae,
1172 1857 1334 1885 numquam
1359 1849 1457 1886 edita,
1483 1849 1603 1880 Dublini
1624 1858 1800 1893 servantur,

116 1912 253 1940 Lexicon
275 1911 458 1944 Persicum,
485 1909 613 1936 Tzcrcico
635 1907 862 1935 Commentario
882 1912 911 1934 et
932 1905 1014 1933 Golii
1036 1906 1172 1935 observo.
1194 1914 1363 1942 ornatuum
1394 1907 1523 1939 elusslem
1543 1915 1697 1948 praeterea
1722 1915 1802 1943 Ver-

114 1973 159 1999 sio
189 1971 246 1998 lat.
272 1970 403 1997 Diuscini
426 1968 537 2004 IIafizi
556 1973 586 1994 et
608 1967 789 1994 carminum
811 1967 955 2002 chzrnii,
982 1963 1024 1993 uti
1046 1963 1134 1993 etiam
1160 1966 1303 1995 collectio
1328 1968 1528 2008 :idagiorum
1551 1973 1748 2001 Persicorum
1771 1977 1802 2003 et

117 2030 255 2058 Gramm,
288 2028 440 2064 Persica,
474 2025 522 2055 cui
554 2024 656 2055 titulus
687 2028 730 2054 est
765 2026 940 2056 Danistan.
997 2022 1062 2054 Vid.
1085 2034 1215 2054 W1LLM.
1241 2027 1367 2064 (Selenes
1383 2050 1392 2064 ,
1416 2027 1436 2057 l.
1458 2028 1477 2057 l.
1500 2038 1528 2065 p.
1555 2038 1611 2069 194.
1633 2030 1726 2070 seq.),
1751 2033 1800 2070 qui

117 2091 160 2128 (p.
187 2100 241 2129 197
257 2112 266 2126 ,
299 2089 377 2124 201)
402 2086 472 2116 item
496 2085 580 2115 docet
603 2096 780 2114 RELANDUM
804 2088 832 2113 et
857 2094 983 2113 comum
1011 2086 1187 2114 sinensium
1210 2084 1327 2124 linguae
1350 2087 1439 2118 etiam
1461 2088 1614 2120 studuisse.
1658 2091 1800 2123 Mamas

116 2147 247 2187 denique¹
274 2149 424 2177 Indorum
458 2145 563 2184 linguis
596 2154 709 2183 quoque
731 2143 903 2181 studuerat,
928 2142 1011 2173 edilis
1034 2143 1111 2174 Diss.
1133 2146 1169 2174 de
1198 2147 1309 2185 lingna
1332 2149 1570 2179 Hindzcctanlca
1605 2152 1707 2190 (Diss.
1734 2155 1796 2182 Sel.

115 2213 154 2245 μ·
168 2207 349 2245 454-488)
369 2210 398 2236 et
422 2207 636 2244 Etymologico
664 2205 818 2235 Orientali
841 2206 1039 2240 harmonico,
1062 2206 1120 2232 lat.
1142 2206 1397 2236 Hindnst.Pers.
1419 2216 1449 2237 et
1460 2210 1561 2238 Arab.
1575 2209 1642 2248 (1.1.
1655 2215 1795 2248 ρ.5ιο-

116 2266 210 2304 621).¹
238 2265 349 2303 Ham.
370 2277 443 2294 Am.
466 2275 655 2294 acuum-nus.
677 2272 779 2301 porro,
803 2267 924 2292 auctore
948 2272 1090 2300 mxumo,
1115 2272 1239 2300 quocum
1262 2263 1291 2294 in
1313 2265 1421 2304 Anglia
1444 2266 1629 2298 familiariter
1650 2269 1796 2307 aliquam-

115 2324 163 2355 diu
194 2323 387 2362 versabatur,
411 2323 597 2354 persicarum
629 2322 796 2357 Literarum
819 2331 917 2352 amore
939 2326 1061 2359 captus,
1087 2321 1152 2360 his,
1178 2332 1280 2353 earum
1303 2324 1399 2354 studio
1421 2325 1485 2355 aliis
1507 2326 1626 2365 negotiis
1648 2327 1795 2361 intermis-

114 2394 168 2423 so,
204 2388 298 2414 totum
323 2383 425 2414 deiude
451 2393 481 2413 se
505 2382 624 2413 tradere
646 2381 837 2412 constituerat
861 2381 1073 2420 (ΚΑΜ-1511111111
1100 2384 1233 2427 Lofrede
1256 2393 1344 2422 supra
1367 2384 1446 2414 laud.
1468 2395 1496 2423 p.
1521 2398 1556 2424 77
1581 2390 1666 2428 seq.).
1697 2388 1793 2428 Supra

1521 2446 1563 2480 10
