2196 2950
715 169 1160 204 ORATIO.
1730 166 1775 201 27

92 291 225 331 rupta,
265 289 373 328 atquc
417 283 513 314 inter
555 293 591 314 se
630 281 799 324 confusa,
853 282 1035 324 restituit,
1082 281 1317 325 locorumque
1347 281 1456 314 situm
1487 286 1655 314 accurate
1691 287 1770 314 tra-

91 351 154 383 dit.
214 349 362 391 Verbo,
397 353 438 380 ut
475 348 612 390 dicam,
653 357 745 391 quae
779 351 862 379 ante
900 358 982 379 eum
1021 356 1126 378 nemo
1160 345 1322 388 viderat,
1351 345 1451 379 brevi
1476 347 1554 391 ipse
1580 347 1765 392 perspicit.

91 417 199 459 Quod
251 425 323 458 quo
369 412 589 445 luculentius
636 416 838 457 appareat,
865 411 932 444 hoc
967 423 1079 444 unum
1122 410 1328 443 afferamus.
1382 409 1423 442 In
1457 416 1667 454 tractuum,
1707 413 1771 456 qui

91 482 220 525 cuique
258 478 370 511 tribui
398 478 694 522 assignarentur,
722 476 918 521 catalogis,
952 476 1044 510 libro
1086 476 1214 509 Iosuae
1249 476 1417 518 insertis,
1458 476 1591 520 oppida
1613 477 1769 510 eiusdem

89 545 239 579 nominis
278 544 483 588 saepissime
526 548 799 576 enumerantur.
866 542 1099 575 Recentiores
1131 547 1251 574 autem
1291 540 1556 585 Geographiam
1594 540 1772 574 Palaesti-

90 623 156 644 nae
186 611 260 644 sive
291 608 593 651 Commentariis,
629 608 704 642 sive
738 607 913 653 Mappis‚
946 607 1178 650 exhibentes,
1208 612 1326 639 terras
1362 607 1608 650 terminosque
1646 607 1770 639 cuius-

89 688 158 721 que
206 674 343 708 Tribus
385 673 649 707 adumbrarunt
691 674 763 716 ita,
806 679 847 707 ut
885 684 1008 706 omnes
1042 672 1120 706 fere
1158 672 1340 705 Tribuum
1377 677 1516 705 tractus
1551 684 1572 704 a
1601 684 1637 704 se
1675 673 1770 705 invi-

89 753 163 774 cem
200 741 358 785 separati
391 745 537 782 essent,
581 739 805 784 singulisque
835 740 954 773 onmia
987 739 1048 772 illa
1085 739 1245 784 oppida,
1277 749 1368 782 quae
1406 738 1553 781 singulis
1584 737 1768 770 Tribubus

88 809 123 840 in
160 806 329 850 catalogis
359 805 513 838 laudatis
546 804 860 847 concedebantur,
898 805 1120 838 tribuerunt.
1171 805 1229 837 Sic
1259 815 1344 837 vero
1377 803 1630 835 Hebraeorum
1670 803 1703 835 T
1706 815 1766 836 cr-

89 884 129 904 ra
163 870 362 904 incredibili
392 870 610 915 oppidorum
637 881 789 903 numero
822 869 1077 914 frequentata,
1114 882 1155 903 ac
1188 881 1315 904 revera
1353 874 1502 901 onerata
1535 870 1609 901 est!
1662 868 1770 901 Atta-

88 948 168 970 men
205 948 323 980 neque
357 936 446 978 hoc,
485 947 604 978 neque
632 935 739 967 etiam
763 935 892 979 exigua
916 947 983 981 pro
1007 935 1071 968 tali
1093 946 1244 969 numero
1263 936 1448 967 nominum
1476 935 1629 968 varietas
1659 934 1769 966 ullam

88 1003 222 1036 erroris
259 1001 498 1046 suspicionem
541 1001 602 1035 vix
645 1001 753 1033 alicui
777 1006 988 1035 moverant:
1017 1001 1140 1034 eadem
1170 1012 1257 1035 vero
1291 1012 1435 1045 gravem
1471 1005 1665 1033 moverunt
1698 1010 1768 1032 uA-

85 1078 247 1101 MAKERO.
313 1066 388 1111 Ipsi
427 1066 522 1099 enim
572 1066 681 1099 huius
723 1065 863 1099 Terrae
899 1066 1108 1101 divisionem
1151 1071 1187 1099 et
1219 1065 1315 1098 locos
1346 1066 1416 1098 huc
1451 1070 1654 1109 spectantes
1682 1075 1770 1109 per·—

89 1132 284 1177 pendenti,
326 1132 391 1164 hoc
436 1132 770 1175 verosimillimum,
817 1133 887 1165 nisi
936 1132 1058 1177 potius
1097 1137 1237 1165 certum
1275 1142 1351 1164 esse
1386 1130 1601 1173 videbatur,
1636 1130 1767 1162 multas

88 1198 224 1232 Tribus
258 1198 428 1230 ditionem
463 1209 484 1229 a
518 1197 743 1242 reliquarum
780 1197 973 1231 ditionibus
1004 1204 1207 1242 separatam
1248 1197 1330 1240 vel,
1368 1208 1435 1242 pro
1476 1195 1664 1229 tribulium
1697 1206 1771 1227 nu-

85 1275 207 1306 mere,
244 1263 519 1307 angustiorem,
565 1263 623 1298 vel
656 1263 796 1296 nullam
825 1263 902 1297 serc
936 1263 1138 1308 accepisse,
1176 1263 1292 1307 iisque
1324 1262 1361 1294 in
1401 1261 1553 1294 aliarum
1589 1259 1769 1293 Tribuum

85 1329 192 1362 terris
239 1333 376 1361 tractus
416 1328 528 1361 fuisse
560 1329 757 1372 indicatos,
794 1341 884 1374 quos
910 1328 1051 1362 Gallico
1079 1327 1251 1362 vocabulo
1277 1327 1441 1360 enclaves
1465 1327 1626 1369 diceres,
1656 1338 1769 1370 quos-

87 1405 157 1438 que
199 1393 282 1426 illae
324 1394 399 1428 sive
444 1393 563 1436 solae,
599 1394 674 1428 sive
711 1406 793 1427 eum
829 1406 871 1427 ca
903 1394 1048 1437 Tribu,
1085 1395 1123 1427 in
1161 1394 1263 1426 cuius
1303 1392 1433 1426 finibus
1472 1393 1508 1426 hi
1549 1398 1687 1426 tractus
1712 1394 1769 1426 siti

86 1464 214 1501 erant,
242 1458 348 1490 simul
384 1458 595 1491 incolerent.
648 1460 733 1501 Qua
771 1460 948 1492 sententia
971 1459 1145 1502 admissa,
1178 1459 1287 1491 urbes
1321 1459 1479 1491 eiusdem
1515 1459 1668 1490 nominis
1706 1469 1768 1490 re·—

86 1535 170 1557 vera
210 1522 343 1566 fuisse,
395 1534 468 1555 non
519 1523 662 1568 quidem
690 1529 867 1568 negatur,
904 1525 965 1557 sed
998 1524 1204 1557 earumdem
1236 1536 1410 1557 numerus
1443 1524 1546 1558 valde
1581 1524 1767 1557 imminui-

83 1595 167 1631 tur,
200 1588 289 1633 quin
320 1587 486 1621 Historia
519 1589 627 1622 etiam
666 1600 738 1622 non
765 1601 849 1622 raro
883 1588 1030 1622 mirifice
1062 1589 1282 1621 illustratur.

128 1654 491 1698 IIierosoiymorum,
526 1655 705 1698 denique,
743 1665 789 1687 ne
823 1655 866 1687 de
898 1655 976 1687 aliis
1016 1654 1241 1687 Palaestinae
1266 1653 1418 1687 urbibus
1455 1653 1604 1698 loquar,
1644 1652 1765 1698 Topo-

81 1719 306 1764 graphium,
331 1731 423 1763 quae
460 1719 633 1752 Eruditos
668 1731 811 1765 semper
847 1720 1038 1763 exercuit,
1075 1730 1320 1761 HAMAKERUS,
1358 1731 1440 1753 cum
1472 1721 1509 1752 in
1535 1720 1765 1752 Commenta-

83 1788 178 1818 tione
205 1785 287 1828 illa,
322 1791 400 1818 tum
431 1785 515 1818 alibi
548 1797 721 1829 quoque,
756 1797 828 1818 non
867 1786 1036 1819 intactam
1074 1785 1235 1830 reliquit.
1288 1787 1373 1829 Qua
1402 1787 1437 1818 in
1469 1797 1577 1818 causa
1612 1786 1684 1818 suis
1717 1785 1765 1817 li—

82 1856 138 1882 cet
174 1850 371 1884 virtutibus
418 1851 490 1882 siut
531 1851 687 1895 insignes
730 1861 976 1894 onsnAthENI,
1015 1862 1145 1884 cnonn
1176 1857 1212 1884 et
1248 1862 1416 1884 RAUMERI
1457 1850 1620 1893 labores,
1658 1851 1765 1883 hocce

83 1915 237 1947 triennio
287 1915 392 1957 editi,
428 1914 587 1947 nondum
634 1915 671 1948 hi
717 1927 1022 1960 supervacaneam
1067 1916 1303 1949 reddiderunt
1348 1926 1540 1949 HAMAKERI
1582 1916 1625 1948 de
1666 1914 1766 1948 urbis

80 1980 177 2012 illius
200 1979 390 2025 fontibus,
412 1979 591 2024 piscinis,
614 1985 650 2012 et
675 1992 792 2026 aquae
823 1982 961 2025 ductu,
997 1981 1041 2014 de
1072 1980 1219 2026 Regum
1245 1981 1475 2027 aliorumque
1502 1981 1686 2014 Virorum
1707 1992 1767 2014 se-

75 2047 223 2091 pulcris
256 2047 559 2091 disputationem:
603 2057 704 2091 spem
744 2058 830 2081 vero
860 2047 972 2091 magis
998 2047 1105 2080 etiam
1136 2047 1318 2090 excitant,
1359 2046 1437 2080 fore
1465 2052 1507 2080 ut
1545 2047 1631 2079 llaec
1664 2046 1764 2088 loca,

83 2112 380 2155 quemadmodum
423 2111 576 2145 aliarum
610 2117 836 2146 vetustarum
874 2112 1030 2146 Urbium
1069 2113 1202 2146 rudera
1219 2138 1229 2156 ,
1278 2113 1420 2146 tandem
1452 2113 1644 2157 aliquando
1675 2125 1764 2157 per—

86 2177 306 2222 vestigentur
347 2176 546 2221 diligenter.

130 2242 220 2275 Cum
251 2242 368 2275 studio
400 2241 539 2275 Codicis
574 2241 734 2276 Hebraei
770 2242 819 2276 N.
863 2242 906 2276 T.
937 2243 1206 2289 Interpretatio
1240 2249 1350 2289 atque
1377 2244 1554 2277 Historia
1589 2243 1766 2277 recentio-

85 2319 168 2340 rum
213 2308 442 2341 Iudaeorum
485 2312 717 2354 veterumque
760 2307 1056 2343 Christianorum
1085 2316 1183 2343 arcte
1217 2311 1420 2344 cohaerent.
1474 2310 1582 2353 Quod
1619 2310 1649 2342 si
1681 2320 1766 2342 um—

85 2383 192 2416 quam
209 2397 219 2415 ‚
245 2373 283 2406 in
308 2384 499 2407 HAMAKERI
535 2373 719 2418 Operibus
746 2380 857 2420 atque
886 2376 1119 2410 Institutione
1146 2376 1334 2410 manifesto
1355 2376 1575 2409 declaratum
1601 2385 1678 2408 esse
1704 2375 1765 2409 vi-

82 2438 209 2472 dimus.
270 2437 313 2471 In
353 2440 479 2483 primis
521 2445 641 2473 autem
688 2440 724 2473 in
760 2441 881 2476 eadem
911 2442 995 2485 illa,
1034 2443 1077 2477 de
1107 2441 1303 2488 Epiphanii
1345 2440 1533 2487 Opusculo
1571 2440 1769 2475 Commen-
